@ARTICLE{2019MNRAS.488.1248H,
       author = {{Hafen}, Zachary and {Faucher-Gigu{\`e}re}, Claude-Andr{\'e} and
         {Angl{\'e}s-Alc{\'a}zar}, Daniel and {Stern}, Jonathan and
         {Kere{\v{s}}}, Du{\v{s}}an and {Hummels}, Cameron and
         {Esmerian}, Clarke and {Garrison-Kimmel}, Shea and {El-Badry}, Kareem and
         {Wetzel}, Andrew and {Chan}, T.~K. and {Hopkins}, Philip F. and
         {Murray}, Norman},
        title = "{The origins of the circumgalactic medium in the FIRE simulations}",
      journal = {\mnras},
     keywords = {galaxies: evolution, galaxies: formation, galaxies: haloes, galaxies: interactions, intergalactic medium, cosmology: theory, Astrophysics - Astrophysics of Galaxies, Astrophysics - Cosmology and Nongalactic Astrophysics},
         year = 2019,
        month = {sep},
       volume = {488},
       number = {1},
        pages = {1248-1272},
          doi = {10.1093/mnras/stz1773},
archivePrefix = {arXiv},
       arxivid = {1811.11753},
       eprint = {1811.11753},
 primaryClass = {astro-ph.GA},
       adsurl = {https://ui.adsabs.harvard.edu/abs/2019MNRAS.488.1248H},
      adsnote = {Provided by the SAO/NASA Astrophysics Data System}
}

@ARTICLE{2019MNRAS.488.1248H,
       author = {{Hafen}, Zachary and {Faucher-Gigu{\`e}re}, Claude-Andr{\'e} and
         {Angl{\'e}s-Alc{\'a}zar}, Daniel and {Stern}, Jonathan and
         {Kere{\v{s}}}, Du{\v{s}}an and {Hummels}, Cameron and
         {Esmerian}, Clarke and {Garrison-Kimmel}, Shea and {El-Badry}, Kareem and
         {Wetzel}, Andrew and {Chan}, T.~K. and {Hopkins}, Philip F. and
         {Murray}, Norman},
        title = "{The origins of the circumgalactic medium in the FIRE simulations}",
      journal = {\mnras},
     keywords = {galaxies: evolution, galaxies: formation, galaxies: haloes, galaxies: interactions, intergalactic medium, cosmology: theory, Astrophysics - Astrophysics of Galaxies, Astrophysics - Cosmology and Nongalactic Astrophysics},
         year = 2019,
        month = {sep},
       volume = {488},
       number = {1},
        pages = {1248-1272},
          doi = {10.1093/mnras/stz1773},
archivePrefix = {arXiv},
       arxivid = {1811.11753},
       eprint = {1811.11753},
 primaryClass = {astro-ph.GA},
       adsurl = {https://ui.adsabs.harvard.edu/abs/2019MNRAS.488.1248H},
      adsnote = {Provided by the SAO/NASA Astrophysics Data System}
}

