@article{03a92f0b036c715f2c8dddf075fae55036e0dd32,
 arxivid = {astro-ph/0508116},
 author = {R. Simcoe and W. Sargent and M. Rauch and G. Becker},
 corpusid = {119340151},
 day = {3},
 doi = {10.1086/498441},
 journal = {The Astrophysical Journal},
 mag = {2950858460},
 month = {8},
 pages = {648 - 668},
 title = {{Observations of Chemically Enriched QSO Absorbers near z~2.3 Galaxies: Galaxy Formation Feedback Signatures in the Intergalactic Medium}},
 url = {https://www.semanticscholar.org/paper/03a92f0b036c715f2c8dddf075fae55036e0dd32},
 volume = {637},
 year = {2005}
}

@article{04f26ecf0ec02a2d9e462d1640deeb25a3ee3666,
 arxivid = {1909.11681},
 author = {J. Prochaska and J. Macquart and M. McQuinn and S. Simha and R. Shannon and C. Day and L. Marnoch and S. Ryder and A. Deller and K. Bannister and S. Bhandari and R. Bordoloi and J. Bunton and Hyerin Cho and C. Flynn and E. Mahony and C. Phillips and H. Qiu and N. Tejos},
 booktitle = {Science},
 corpusid = {202888743},
 day = {25},
 doi = {10.1126/science.aay0073},
 journal = {Science},
 mag = {2976453063},
 month = {9},
 pages = {231 - 234},
 pubmed = {31558577},
 title = {{The low density and magnetization of a massive galaxy halo exposed by a fast radio burst}},
 url = {https://www.semanticscholar.org/paper/04f26ecf0ec02a2d9e462d1640deeb25a3ee3666},
 volume = {366},
 year = {2019}
}

@article{067b9810dba67c9299fc928bf3f61595f29d6446,
 arxivid = {2010.11958},
 author = {E. Boettcher and Hsiao-Wen Chen and F. Zahedy and T. Cooper and Sean D. Johnson and G. Rudie and Mandy C. Chen and P. Petitjean and S. Cantalupo and K. Cooksey and C. Faucher-Giguère and J. Greene and S. López and J. Mulchaey and S. Penton and M. Putman and M. Rafelski and M. Rauch and J. Schaye and R. Simcoe and G. Walth},
 booktitle = {Astrophysical Journal},
 corpusid = {246676576},
 day = {22},
 doi = {10.3847/1538-4357/abf0a0},
 journal = {The Astrophysical Journal},
 mag = {3163241487},
 month = {10},
 title = {{The Cosmic Ultraviolet Baryon Survey (CUBS). II. Discovery of an H2-bearing DLA in the Vicinity of an Early-type Galaxy at z = 0.576}},
 url = {https://www.semanticscholar.org/paper/067b9810dba67c9299fc928bf3f61595f29d6446},
 volume = {913},
 year = {2020}
}

@article{06cf7e096ed3fd4239f7e90e3a5a98e0ec7cfa55,
 arxivid = {astro-ph/0412300},
 author = {A. Dekel and Y. Birnboim},
 corpusid = {118957900},
 day = {13},
 doi = {10.1111/j.1365-2966.2006.10145.x},
 journal = {Monthly Notices of the Royal Astronomical Society},
 mag = {3122081568},
 month = {12},
 pages = {2-20},
 title = {{Galaxy bimodality due to cold flows and shock heating}},
 url = {https://www.semanticscholar.org/paper/06cf7e096ed3fd4239f7e90e3a5a98e0ec7cfa55},
 volume = {368},
 year = {2004}
}

@article{06f7b3227a99d16fe247d4c524705840b094b166,
 arxivid = {1410.5425},
 author = {D. Nelson and S. Genel and M. Vogelsberger and V. Springel and D. Sijacki and P. Torrey and L. Hernquist},
 corpusid = {16399690},
 day = {20},
 doi = {10.1093/mnras/stv017},
 journal = {Monthly Notices of the Royal Astronomical Society},
 mag = {2099364711},
 month = {10},
 pages = {59-74},
 title = {{The impact of feedback on cosmological gas accretion}},
 url = {https://www.semanticscholar.org/paper/06f7b3227a99d16fe247d4c524705840b094b166},
 volume = {448},
 year = {2014}
}

@article{073659e61e09afe5d584fbf05768b125a2e85569,
 arxivid = {2012.09174},
 author = {J. Carlin and B. Mutlu-Pakdil and D. Crnojević and C. Garling and A. Karunakaran and A. Peter and E. Tollerud and D. Forbes and J. Hargis and Sungsoon Lim and A. Romanowsky and D. Sand and K. Spekkens and J. Strader},
 booktitle = {Astrophysical Journal},
 corpusid = {229297953},
 day = {16},
 doi = {10.3847/1538-4357/abe040},
 journal = {The Astrophysical Journal},
 mag = {3138432523},
 month = {12},
 title = {{Hubble Space Telescope Observations of Two Faint Dwarf Satellites of Nearby LMC Analogs from MADCASH}},
 url = {https://www.semanticscholar.org/paper/073659e61e09afe5d584fbf05768b125a2e85569},
 volume = {909},
 year = {2020}
}

@article{07518a1c1c5101e91d2e9413a7b66473cacfa6e3,
 arxivid = {1306.0134},
 author = {N. Bouché and M. Murphy and G. Kacprzak and C. Péroux and T. Contini and C. Martin and M. Dessauges-Zavadsky},
 booktitle = {Science},
 corpusid = {206547406},
 day = {1},
 doi = {10.1126/science.1234209},
 journal = {Science},
 mag = {2065560654},
 month = {6},
 pages = {50 - 53},
 pubmed = {23828935},
 title = {{Signatures of Cool Gas Fueling a Star-Forming Galaxy at Redshift 2.3}},
 url = {https://www.semanticscholar.org/paper/07518a1c1c5101e91d2e9413a7b66473cacfa6e3},
 volume = {341},
 year = {2013}
}

@article{08d28aa1128082b49bb0fecdd8fdba32f64d552a,
 arxivid = {2002.06211},
 author = {P. Hopkins and J. Squire and T. K. Chan and E. Quataert and Suoqing Ji and D. Keres̆ and C. Faucher-Giguère},
 booktitle = {Monthly notices of the Royal Astronomical Society},
 corpusid = {211132652},
 day = {14},
 doi = {10.1093/mnras/staa3691},
 journal = {Monthly Notices of the Royal Astronomical Society},
 mag = {3107984612},
 month = {2},
 title = {{Testing physical models for cosmic ray transport coefficients on galactic scales: self-confinement and extrinsic turbulence at ∼GeV energies}},
 url = {https://www.semanticscholar.org/paper/08d28aa1128082b49bb0fecdd8fdba32f64d552a},
 year = {2020}
}

@article{090c36b4393e42ce3c5ff0e2295b0567fa4a57f1,
 arxivid = {1307.1476},
 author = {K. Rubin and J. Prochaska and D. Koo and A. Phillips and C. Martin and L. Winstrom},
 corpusid = {118540687},
 day = {4},
 doi = {10.1088/0004-637X/794/2/156},
 journal = {The Astrophysical Journal},
 mag = {3099652504},
 month = {7},
 title = {{EVIDENCE FOR UBIQUITOUS COLLIMATED GALACTIC-SCALE OUTFLOWS ALONG THE STAR-FORMING SEQUENCE AT z ∼ 0.5}},
 url = {https://www.semanticscholar.org/paper/090c36b4393e42ce3c5ff0e2295b0567fa4a57f1},
 volume = {794},
 year = {2013}
}

@article{0941613e22eedcd7addb39bcb7b545098e2b0e2b,
 arxivid = {2012.06592},
 author = {A. J. Richings and C. Faucher-Giguère and J. Stern},
 booktitle = {Monthly notices of the Royal Astronomical Society},
 corpusid = {229156073},
 day = {11},
 doi = {10.1093/MNRAS/STAB556},
 journal = {Monthly Notices of the Royal Astronomical Society},
 mag = {3135545071},
 month = {12},
 title = {{Unravelling the physics of multiphase AGN winds through emission line tracers}},
 url = {https://www.semanticscholar.org/paper/0941613e22eedcd7addb39bcb7b545098e2b0e2b},
 year = {2020}
}

@article{0961e002d338aeaacfb2edb5ee216b7605cd15cc,
 arxivid = {1403.6124},
 author = {H. Ubler and T. Naab and L. Oser and M. Aumer and L. Sales and S. White},
 corpusid = {119227228},
 day = {24},
 doi = {10.1093/mnras/stu1275},
 journal = {Monthly Notices of the Royal Astronomical Society},
 mag = {2091078616},
 month = {3},
 pages = {2092-2111},
 title = {{Why stellar feedback promotes disc formation in simulated galaxies}},
 url = {https://www.semanticscholar.org/paper/0961e002d338aeaacfb2edb5ee216b7605cd15cc},
 volume = {443},
 year = {2014}
}

@article{0cb5240879f60497c1dff70ebfdc444d3036f624,
 arxivid = {1409.1919},
 author = {C. Faucher-Giguère and P. Hopkins and D. Keres̆ and A. Muratov and E. Quataert and N. M. Northwestern and Caltech and U. Diego and U. Berkeley and Cita},
 corpusid = {760224},
 day = {5},
 doi = {10.1093/mnras/stv336},
 journal = {Monthly Notices of the Royal Astronomical Society},
 mag = {2128071918},
 month = {9},
 pages = {987-1003},
 title = {{Neutral hydrogen in galaxy haloes at the peak of the cosmic star formation history}},
 url = {https://www.semanticscholar.org/paper/0cb5240879f60497c1dff70ebfdc444d3036f624},
 volume = {449},
 year = {2014}
}

@article{0d77acfaa49c7d897ecb308c11c25a5422bede45,
 arxivid = {2005.02408},
 author = {Hsiao-Wen Chen and F. Zahedy and E. Boettcher and T. M. Cooper and Sean D. Johnson and G. Rudie and Mandy C. Chen and G. Walth and S. Cantalupo and K. Cooksey and C. Faucher-Giguère and J. Greene and S. López and J. Mulchaey and S. Penton and P. Petitjean and M. Putman and M. Rafelski and M. Rauch and J. Schaye and R. Simcoe and B. Weiner},
 booktitle = {Monthly notices of the Royal Astronomical Society},
 corpusid = {218517142},
 day = {5},
 doi = {10.3847/1538-4357/abf0a0},
 journal = {Monthly Notices of the Royal Astronomical Society},
 mag = {3021886534},
 month = {5},
 title = {{The Cosmic Ultraviolet Baryon Survey (CUBS) – I. Overview and the diverse environments of Lyman limit systems at z < 1}},
 url = {https://www.semanticscholar.org/paper/0d77acfaa49c7d897ecb308c11c25a5422bede45},
 year = {2020}
}

@article{0e0988b703f43e518f0be58eef60496ff0a9f0a7,
 arxivid = {1512.01235},
 author = {K. El-Badry and A. Wetzel and M. Geha and P. Hopkins and D. Keres̆ and T. K. Chan and C. Faucher-Giguère},
 corpusid = {29928136},
 day = {3},
 doi = {10.3847/0004-637X/820/2/131},
 journal = {The Astrophysical Journal},
 mag = {3105575415},
 month = {12},
 title = {{BREATHING FIRE: HOW STELLAR FEEDBACK DRIVES RADIAL MIGRATION, RAPID SIZE FLUCTUATIONS, AND POPULATION GRADIENTS IN LOW-MASS GALAXIES}},
 url = {https://www.semanticscholar.org/paper/0e0988b703f43e518f0be58eef60496ff0a9f0a7},
 volume = {820},
 year = {2015}
}

@article{108dc9d033c78431f981a347acbb4b860673fd1f,
 arxivid = {2006.13976},
 author = {J. Stern and C. Faucher-Giguère and D. Fielding and E. Quataert and Zachary Hafen and Alex Gurvich and Xiangcheng Ma and Lindsey Byrne and K. El-Badry and D. Anglés-Alcázar and T. K. Chan and R. Feldmann and D. Keres̆ and A. Wetzel and N. Murray and P. Hopkins},
 booktitle = {Astrophysical Journal},
 corpusid = {220055908},
 day = {24},
 doi = {10.3847/1538-4357/abd776},
 journal = {The Astrophysical Journal},
 mag = {3037701043},
 month = {6},
 title = {{Virialization of the Inner CGM in the FIRE Simulations and Implications for Galaxy Disks, Star Formation, and Feedback}},
 url = {https://www.semanticscholar.org/paper/108dc9d033c78431f981a347acbb4b860673fd1f},
 volume = {911},
 year = {2020}
}

@article{10adb90d57abea0859afa4c690aaa413ae1ddacc,
 arxivid = {1302.5424},
 author = {N. Lehner and J. Howk and T. Tripp and J. Tumlinson and J. Prochaska and J. O’Meara and C. Thom and J. Werk and A. Fox and J. Ribaudo},
 corpusid = {119108307},
 day = {21},
 doi = {10.1088/0004-637X/770/2/138},
 journal = {The Astrophysical Journal},
 mag = {1991032170},
 month = {2},
 title = {{THE BIMODAL METALLICITY DISTRIBUTION OF THE COOL CIRCUMGALACTIC MEDIUM AT z ≲ 1}},
 url = {https://www.semanticscholar.org/paper/10adb90d57abea0859afa4c690aaa413ae1ddacc},
 volume = {770},
 year = {2013}
}

@article{11fce462935dfbd9fa8689715f5d2ce5bf5bba19,
 arxivid = {1307.6553},
 author = {R. Bordoloi and S. Lilly and E. Hardmeier and T. Contini and J. Kneib and O. Fèvre and V. Mainieri and A. Renzini and M. Scodeggio and G. Zamorani and S. Bardelli and M. Bolzonella and A. Bongiorno and K. Caputi and C. Carollo and O. Cucciati and S. D. Torre and L. Ravel and B. Garilli and A. Iovino and P. Kampczyk and K. Kovač and C. Knobel and F. Lamareille and J. Borgne and V. Brun and C. Maier and M. Mignoli and P. Oesch and R. Pelló and Y. Peng and E. P. Montero and V. Presotto and J. Silverman and M. Tanaka and L. Tasca and L. Tresse and D. Vergani and E. Zucca and A. Cappi and A. Cimatti and G. Coppa and P. Franzetti and A. Koekemoer and Michele Moresco and P. N. Pozzetti},
 corpusid = {119293481},
 day = {24},
 doi = {10.1088/0004-637X/794/2/130},
 journal = {The Astrophysical Journal},
 mag = {2950586190},
 month = {7},
 title = {{THE DEPENDENCE OF GALACTIC OUTFLOWS ON THE PROPERTIES AND ORIENTATION OF zCOSMOS GALAXIES AT z ∼ 1}},
 url = {https://www.semanticscholar.org/paper/11fce462935dfbd9fa8689715f5d2ce5bf5bba19},
 volume = {794},
 year = {2013}
}

@article{129d2f46a31865569d0e5b34a37cf4e143e163ed,
 arxivid = {2002.07818},
 author = {N. Lehner and Samantha C. Berek and J. Howk and B. Wakker and J. Tumlinson and E. Jenkins and J. Prochaska and R. Augustin and Suoqing Ji and C. Faucher-Giguère and Zachary Hafen and M. Peeples and K. Barger and M. A. Berg and R. Bordoloi and T. Brown and A. Fox and K. Gilbert and P. Guhathakurta and J. Kalirai and F. Lockman and J. O’Meara and D. Pisano and J. Ribaudo and J. Werk},
 booktitle = {Astrophysical Journal},
 corpusid = {211171435},
 day = {18},
 doi = {10.3847/1538-4357/ABA49C},
 journal = {The Astrophysical Journal},
 mag = {3104668222},
 month = {2},
 title = {{Project AMIGA: The Circumgalactic Medium of Andromeda}},
 url = {https://www.semanticscholar.org/paper/129d2f46a31865569d0e5b34a37cf4e143e163ed},
 volume = {900},
 year = {2020}
}

@article{141a72cdc2d5d9f8d7e8ba0321bff7fe9f8f5af5,
 arxivid = {0909.3097},
 author = {S. Tonnesen and G. Bryan},
 corpusid = {2743250},
 day = {17},
 doi = {10.1088/0004-637X/709/2/1203 10.1088/0004-637X/727/2/133},
 journal = {The Astrophysical Journal},
 mag = {3106278528},
 month = {9},
 pages = {1203 - 1218},
 title = {{THE TAIL OF THE STRIPPED GAS THAT COOLED: H i, Hα, AND X-RAY OBSERVATIONAL SIGNATURES OF RAM PRESSURE STRIPPING}},
 url = {https://www.semanticscholar.org/paper/141a72cdc2d5d9f8d7e8ba0321bff7fe9f8f5af5},
 volume = {709},
 year = {2009}
}

@article{15469d973477d358d772313e2059be3ec72ebbab,
 arxivid = {1205.5037},
 author = {A. Gupta and S. Mathur and Y. Krongold and F. Nicastro and M. Galeazzi},
 corpusid = {118567708},
 day = {22},
 doi = {10.1088/2041-8205/756/1/L8},
 journal = {The Astrophysical Journal Letters},
 mag = {1985496459},
 month = {5},
 title = {{A HUGE RESERVOIR OF IONIZED GAS AROUND THE MILKY WAY: ACCOUNTING FOR THE MISSING MASS?}},
 url = {https://www.semanticscholar.org/paper/15469d973477d358d772313e2059be3ec72ebbab},
 volume = {756},
 year = {2012}
}

@article{165cf1e36bf070972eb5818e3484832defa15704,
 arxivid = {astro-ph/0404258},
 author = {Stuart P. D. Gill and A. Knebe and B. Gibson},
 corpusid = {18581065},
 day = {13},
 doi = {10.1111/j.1365-2966.2004.07786.x},
 journal = {Monthly Notices of the Royal Astronomical Society},
 mag = {2059384534},
 month = {4},
 pages = {399-409},
 title = {{The evolution of substructure - I. A new identification method}},
 url = {https://www.semanticscholar.org/paper/165cf1e36bf070972eb5818e3484832defa15704},
 volume = {351},
 year = {2004}
}

@article{169819fa9d9b61b0470881342d6ce8abafd3fec7,
 arxivid = {1005.3041},
 author = {C. Faucher-Giguère and D. Keres̆ and M. Dijkstra and L. Hernquist and M. Zaldarriaga},
 corpusid = {119117788},
 day = {17},
 doi = {10.1088/0004-637X/725/1/633},
 journal = {The Astrophysical Journal},
 mag = {2985238376},
 month = {5},
 pages = {633 - 657},
 title = {{Lyα COOLING EMISSION FROM GALAXY FORMATION}},
 url = {https://www.semanticscholar.org/paper/169819fa9d9b61b0470881342d6ce8abafd3fec7},
 volume = {725},
 year = {2010}
}

@article{16ec33f3bef92c4cf63dd072c59b5361eef0961a,
 arxivid = {1701.03792},
 author = {S. Garrison-Kimmel and A. Wetzel and J. Bullock and P. Hopkins and M. Boylan-Kolchin and C. Faucher-Giguère and D. Keres̆ and E. Quataert and R. Sanderson and A. Graus and Tyler Kelley},
 corpusid = {54960105},
 day = {13},
 doi = {10.1093/mnras/stx1710},
 journal = {Monthly Notices of the Royal Astronomical Society},
 mag = {2573445935},
 month = {1},
 pages = {1709-1727},
 title = {{Not so lumpy after all: modelling the depletion of dark matter subhaloes by Milky Way-like galaxies}},
 url = {https://www.semanticscholar.org/paper/16ec33f3bef92c4cf63dd072c59b5361eef0961a},
 volume = {471},
 year = {2017}
}

@article{176a628f6a6c3fbed4b2610d43b9fc1a57bff5e2,
 author = {S. White and M. Rees},
 corpusid = {120361588},
 day = {1},
 doi = {10.1093/MNRAS/183.3.341},
 journal = {Monthly Notices of the Royal Astronomical Society},
 mag = {1999367759},
 month = {7},
 pages = {341-358},
 title = {{Core condensation in heavy halos: a two-stage theory for galaxy formation and clustering}},
 url = {https://www.semanticscholar.org/paper/176a628f6a6c3fbed4b2610d43b9fc1a57bff5e2},
 volume = {183},
 year = {1978}
}

@article{19ae7e2dd636468c4f1413d5a8df8847778722f2,
 arxivid = {1510.06410},
 author = {N. Sravan and C. Faucher-Giguère and F. Voort and D. Keres̆ and A. Muratov and P. Hopkins and R. Feldmann and E. Quataert and N. M. Northwestern and U. Berkeley and Asiaa and U. Diego and Caltech and Cita},
 corpusid = {28515091},
 day = {21},
 doi = {10.1093/mnras/stw1962},
 journal = {Monthly Notices of the Royal Astronomical Society},
 mag = {2162896139},
 month = {10},
 pages = {120-133},
 title = {{Strongly time-variable ultraviolet metal-line emission from the circum-galactic medium of high-redshift galaxies}},
 url = {https://www.semanticscholar.org/paper/19ae7e2dd636468c4f1413d5a8df8847778722f2},
 volume = {463},
 year = {2015}
}

@article{19aed8ed0b3bc295b2676c3648a0eb0262007078,
 arxivid = {2001.05473},
 author = {Yucheng Guo and R. Maiolino and Linhua Jiang and K. Matsuoka and T. Nagao and O. Dors and M. Ginolfi and N. Henden and J. Bennett and D. Sijacki and E. Puchwein},
 booktitle = {Astrophysical Journal},
 corpusid = {210718432},
 day = {15},
 doi = {10.3847/1538-4357/ab9b7f},
 journal = {The Astrophysical Journal},
 mag = {3000473092},
 month = {1},
 title = {{Metal Enrichment in the Circumgalactic Medium and Lyα Halos around Quasars at z ∼ 3}},
 url = {https://www.semanticscholar.org/paper/19aed8ed0b3bc295b2676c3648a0eb0262007078},
 volume = {898},
 year = {2020}
}

@article{19d3f5d555554ba2f7fd9b0c7d30f81e7b81e087,
 arxivid = {2009.08464},
 author = {M. Wendt and N. Bouch'e and J. Zabl and I. Schroetter and S. Muzahid},
 corpusid = {221802465},
 day = {17},
 doi = {10.1093/MNRAS/STAB049},
 journal = {Monthly Notices of the Royal Astronomical Society},
 mag = {3087511694},
 month = {9},
 pages = {3733-3745},
 title = {{MusE GAs FLOw and Wind V. The dust/metallicity-anisotropy of the circum-galactic medium}},
 url = {https://www.semanticscholar.org/paper/19d3f5d555554ba2f7fd9b0c7d30f81e7b81e087},
 volume = {502},
 year = {2020}
}

@article{19e9254d120293b1317358b0bad615de602cc270,
 arxivid = {2009.04368},
 author = {S. Lucchini and E. D’Onghia and A. Fox and C. Bustard and J. Bland-Hawthorn and E. Zweibel},
 booktitle = {Nature},
 corpusid = {221557236},
 day = {1},
 doi = {10.1038/s41586-020-2663-4},
 journal = {Nature},
 mag = {3084119589},
 month = {9},
 pages = {203 - 206},
 pubmed = {32908263},
 title = {{The Magellanic Corona as the key to the formation of the Magellanic Stream}},
 url = {https://www.semanticscholar.org/paper/19e9254d120293b1317358b0bad615de602cc270},
 volume = {585},
 year = {2020}
}

@article{1b0e43ce6269991a81a9bc9c2792bd36626fa720,
 arxivid = {astro-ph/0410165},
 author = {K. Adelberger and C. Steidel and M. Pettini and A. Shapley and N. Reddy and D. Erb},
 corpusid = {7067880},
 day = {7},
 doi = {10.1086/426580},
 journal = {The Astrophysical Journal},
 mag = {3099809079},
 month = {10},
 pages = {697 - 713},
 title = {{The Spatial Clustering of Star-forming Galaxies at Redshifts 1.4 ≲ z ≲ 3.5}},
 url = {https://www.semanticscholar.org/paper/1b0e43ce6269991a81a9bc9c2792bd36626fa720},
 volume = {619},
 year = {2004}
}

@article{1bb4130510c989f4cec7c2551730b1dcfe127bb0,
 author = {J. Bahcall and L. Spitzer},
 corpusid = {120164021},
 doi = {10.1086/180350},
 journal = {The Astrophysical Journal},
 mag = {2000945613},
 title = {{ABSORPTION LINES PRODUCED BY GALACTIC HALOS.}},
 url = {https://www.semanticscholar.org/paper/1bb4130510c989f4cec7c2551730b1dcfe127bb0},
 volume = {156},
 year = {1969}
}

@article{1bbd3b8031d744f1d9eeca880315e6bff7efc627,
 arxivid = {2002.02462},
 author = {P. Hopkins and T. K. Chan and Suoqing Ji and C. Hummels and D. Keres̆ and E. Quataert and C. Faucher-Giguère},
 booktitle = {Monthly notices of the Royal Astronomical Society},
 corpusid = {211066217},
 day = {6},
 doi = {10.1093/mnras/staa3690},
 journal = {Monthly Notices of the Royal Astronomical Society},
 mag = {3109857212},
 month = {2},
 title = {{Cosmic-Ray Driven Outflows to Mpc Scales from L* Galaxies}},
 url = {https://www.semanticscholar.org/paper/1bbd3b8031d744f1d9eeca880315e6bff7efc627},
 year = {2020}
}

@article{1ccf300b3f4965f831a41232ba4b7c0c3c90d929,
 arxivid = {2007.11583},
 author = {S. Lim and D. Barnes and M. Vogelsberger and H. Mo and D. Nelson and A. Pillepich and K. Dolag and F. Marinacci},
 booktitle = {Monthly notices of the Royal Astronomical Society},
 corpusid = {234482144},
 day = {22},
 doi = {10.1093/mnras/stab1172},
 journal = {Monthly Notices of the Royal Astronomical Society},
 month = {7},
 pages = {5131-5143},
 title = {{Properties of the ionized CGM and IGM: tests for galaxy formation models from the Sunyaev–Zel’dovich effect}},
 url = {https://www.semanticscholar.org/paper/1ccf300b3f4965f831a41232ba4b7c0c3c90d929},
 volume = {504},
 year = {2020}
}

@article{1d409c96d81a5d361710449e9aaca29a50d2b813,
 arxivid = {1812.03997},
 author = {Kung-Yi Su and P. Hopkins and C. Hayward and C. Faucher-Giguère and D. Keres̆ and Xiangcheng Ma and Matthew E. Orr and T. K. Chan and V. Robles},
 booktitle = {Monthly notices of the Royal Astronomical Society},
 corpusid = {119005514},
 day = {11},
 doi = {10.1093/mnras/stz3011},
 journal = {Monthly Notices of the Royal Astronomical Society},
 mag = {2904068795},
 month = {12},
 title = {{Cosmic rays or turbulence can suppress cooling flows (where thermal heating or momentum injection fail)}},
 url = {https://www.semanticscholar.org/paper/1d409c96d81a5d361710449e9aaca29a50d2b813},
 year = {2018}
}

@article{1d5ca058344f56bc898c31c4dd5201ea6d00e58b,
 arxivid = {2009.07809},
 author = {C. Péroux and D. Nelson and F. van de Voort and A. Pillepich and F. Marinacci and M. Vogelsberger and L. Hernquist},
 corpusid = {221739101},
 day = {16},
 doi = {10.1093/mnras/staa2888},
 journal = {Monthly Notices of the Royal Astronomical Society},
 mag = {3088332571},
 month = {9},
 title = {{Predictions for the angular dependence of gas mass flow rate and metallicity in the circumgalactic medium}},
 url = {https://www.semanticscholar.org/paper/1d5ca058344f56bc898c31c4dd5201ea6d00e58b},
 year = {2020}
}

@article{1eb0333fc6062aa19d791159a190f6081490639f,
 arxivid = {1812.10496},
 author = {T. K. Chan and D. Keres̆ and P. Hopkins and E. Quataert and Kung-Yi Su and C. Hayward and C. Faucher-Giguère},
 booktitle = {Monthly notices of the Royal Astronomical Society},
 corpusid = {119449901},
 day = {26},
 doi = {10.1093/mnras/stz1895},
 journal = {Monthly Notices of the Royal Astronomical Society},
 mag = {2957295921},
 month = {12},
 title = {{Cosmic ray feedback in the FIRE simulations: constraining cosmic ray propagation with GeV γ-ray emission}},
 url = {https://www.semanticscholar.org/paper/1eb0333fc6062aa19d791159a190f6081490639f},
 year = {2018}
}

@article{1ee6c32a3624ed378ed11e3e71f14d3daa27541a,
 arxivid = {1708.07140},
 author = {W. Mathews and J. Prochaska},
 corpusid = {118914135},
 day = {23},
 doi = {10.3847/2041-8213/aa8861},
 journal = {The Astrophysical Journal Letters},
 mag = {2745464991},
 month = {8},
 title = {{Circumgalactic Oxygen Absorption and Feedback}},
 url = {https://www.semanticscholar.org/paper/1ee6c32a3624ed378ed11e3e71f14d3daa27541a},
 volume = {846},
 year = {2017}
}

@article{1f4ba6299219591da0ce99304f4b22647a8491ba,
 arxivid = {2102.10913},
 author = {Ruby J Wright and C. Lagos and C. Power and Camila A Correa},
 booktitle = {Monthly notices of the Royal Astronomical Society},
 corpusid = {231986318},
 day = {22},
 doi = {10.1093/MNRAS/STAB1057},
 journal = {Monthly Notices of the Royal Astronomical Society},
 mag = {3131950586},
 month = {2},
 pages = {5702-5725},
 title = {{Revealing the physical properties of gas accreting to haloes in the EAGLE simulations}},
 url = {https://www.semanticscholar.org/paper/1f4ba6299219591da0ce99304f4b22647a8491ba},
 volume = {504},
 year = {2021}
}

@article{227f06ffa7953a7b1d4175528d0c71230ed891a7,
 arxivid = {1811.01772},
 author = {N. McClure–Griffiths and H. Dénes and J. Dickey and S. Stanimirović and L. Staveley-Smith and K. Jameson and E. D. di Teodoro and J. Allison and J. Collier and A. Chippendale and T. Franzen and G. Gürkan and G. Heald and A. Hotan and D. Kleiner and K. Lee-Waddell and D. McConnell and A. Popping and J. Rhee and C. Riseley and M. Voronkov and M. Whiting},
 booktitle = {Nature Astronomy},
 corpusid = {119516128},
 day = {29},
 doi = {10.1038/s41550-018-0608-8},
 journal = {Nature Astronomy},
 mag = {2898324310},
 month = {10},
 pages = {901-906},
 title = {{Cold gas outflows from the Small Magellanic Cloud traced with ASKAP}},
 url = {https://www.semanticscholar.org/paper/227f06ffa7953a7b1d4175528d0c71230ed891a7},
 volume = {2},
 year = {2018}
}

@article{228647938fa82195dcdf7738a2e8269d131a5c10,
 arxivid = {1712.03988},
 author = {A. Rahmati and B. Oppenheimer},
 corpusid = {89605138},
 day = {11},
 doi = {10.1093/mnras/sty610},
 journal = {Monthly Notices of the Royal Astronomical Society},
 mag = {2963035713},
 month = {12},
 pages = {4865-4871},
 title = {{The metallicity distribution of H I systems in the EAGLE cosmological simulations}},
 url = {https://www.semanticscholar.org/paper/228647938fa82195dcdf7738a2e8269d131a5c10},
 volume = {476},
 year = {2017}
}

@article{22e5637a6cc1ad7625083891a44cb98f381a6966,
 author = {F. Voort},
 corpusid = {125154175},
 day = {2},
 doi = {10.1007/978-3-319-52512-9_13},
 journal = {arXiv: Astrophysics of Galaxies},
 mag = {2560594940},
 month = {12},
 title = {{The Effect of Galactic Feedback on Gas Accretion and Wind Recycling}},
 url = {https://www.semanticscholar.org/paper/22e5637a6cc1ad7625083891a44cb98f381a6966},
 year = {2016}
}

@article{233d85b535457adf762b22441418ad9b408ed063,
 arxivid = {1011.2491},
 author = {F. Voort and J. Schaye and C. Booth and M. Haas and C. D. L. Observatory and L. I. O. Physics},
 corpusid = {119189042},
 day = {10},
 doi = {10.1111/j.1365-2966.2011.18565.x},
 journal = {Monthly Notices of the Royal Astronomical Society},
 mag = {2115564493},
 month = {11},
 pages = {2458-2478},
 title = {{The rates and modes of gas accretion on to galaxies and their gaseous haloes}},
 url = {https://www.semanticscholar.org/paper/233d85b535457adf762b22441418ad9b408ed063},
 volume = {414},
 year = {2010}
}

@article{258b3993f15dad8147186718018ebc889ec21bd1,
 arxivid = {1705.10321},
 author = {K. El-Badry and E. Quataert and A. Wetzel and P. Hopkins and D. Weisz and T. K. Chan and Alex Fitts and M. Boylan-Kolchin and D. Kerevs and C. Faucher-Giguère and S. Garrison-Kimmel},
 corpusid = {56371648},
 day = {29},
 doi = {10.1093/mnras/stx2482},
 journal = {Monthly Notices of the Royal Astronomical Society},
 mag = {2619712556},
 month = {5},
 pages = {1930-1955},
 title = {{Gas kinematics, morphology and angular momentum in the FIRE simulations}},
 url = {https://www.semanticscholar.org/paper/258b3993f15dad8147186718018ebc889ec21bd1},
 volume = {473},
 year = {2017}
}

@article{26ae8d88f8861ffe86455cdfe70cb9555727bd00,
 arxivid = {1510.05650},
 author = {C. Hayward and P. Hopkins},
 corpusid = {33220684},
 day = {19},
 doi = {10.1093/mnras/stw2888},
 journal = {Monthly Notices of the Royal Astronomical Society},
 mag = {2192697332},
 month = {10},
 pages = {1682-1698},
 title = {{How Stellar Feedback Simultaneously Regulates Star Formation and Drives Outflows}},
 url = {https://www.semanticscholar.org/paper/26ae8d88f8861ffe86455cdfe70cb9555727bd00},
 volume = {465},
 year = {2015}
}

@article{271f9c6087ad45da76ca3853b02e7caea6e280c9,
 arxivid = {1602.05957},
 author = {A. Wetzel and P. Hopkins and Ji-hoon Kim and C. Faucher-Giguère and D. Keres̆ and E. Quataert},
 corpusid = {16245449},
 day = {18},
 doi = {10.3847/2041-8205/827/2/L23},
 journal = {The Astrophysical Journal Letters},
 mag = {2281869457},
 month = {2},
 title = {{RECONCILING DWARF GALAXIES WITH ΛCDM COSMOLOGY: SIMULATING A REALISTIC POPULATION OF SATELLITES AROUND A MILKY WAY–MASS GALAXY}},
 url = {https://www.semanticscholar.org/paper/271f9c6087ad45da76ca3853b02e7caea6e280c9},
 volume = {827},
 year = {2016}
}

@article{276d2ce616a211d964beeedc7a90aaf19c4f1d84,
 arxivid = {1707.03832},
 author = {D. Angl'es-Alc'azar and C. Faucher-Giguère and E. Quataert and P. Hopkins and R. Feldmann and P. Torrey and A. Wetzel and Duvsan Kerevs Northwestern and U. Berkeley and Caltech and Zurich and Mit and Carnegie and U. Davis and U. Diego},
 corpusid = {119218855},
 day = {12},
 doi = {10.1093/mnrasl/slx161},
 journal = {Monthly Notices of the Royal Astronomical Society},
 mag = {2735520393},
 month = {7},
 pages = {109-114},
 title = {{Black holes on FIRE: stellar feedback limits early feeding of galactic nuclei}},
 url = {https://www.semanticscholar.org/paper/276d2ce616a211d964beeedc7a90aaf19c4f1d84},
 volume = {472},
 year = {2017}
}

@article{287fa946f30eaa78ea86f9c5bd61d67238202356,
 arxivid = {1606.09252},
 author = {A. Muratov and D. Keres̆ and C. Faucher-Giguère and P. Hopkins and Xiangcheng Ma and D. Anglés-Alcázar and T. K. Chan and P. Torrey and Zachary Hafen and E. Quataert and N. Murray},
 corpusid = {30071430},
 day = {29},
 doi = {10.1093/mnras/stx667},
 journal = {Monthly Notices of the Royal Astronomical Society},
 mag = {2464531482},
 month = {6},
 pages = {4170-4188},
 title = {{Metal flows of the circumgalactic medium, and the metal budget in galactic haloes}},
 url = {https://www.semanticscholar.org/paper/287fa946f30eaa78ea86f9c5bd61d67238202356},
 volume = {468},
 year = {2016}
}

@article{28ecc2a60587881331d489fcc8fe3c6b222eb585,
 arxivid = {1712.04512},
 author = {B. Diemer},
 booktitle = {Astrophysical Journal Supplement Series},
 corpusid = {55096366},
 day = {12},
 doi = {10.3847/1538-4365/aaee8c},
 journal = {The Astrophysical Journal Supplement Series},
 mag = {2771573390},
 month = {12},
 title = {{COLOSSUS: A Python Toolkit for Cosmology, Large-scale Structure, and Dark Matter Halos}},
 url = {https://www.semanticscholar.org/paper/28ecc2a60587881331d489fcc8fe3c6b222eb585},
 volume = {239},
 year = {2017}
}

@article{296eb2d87443b3a734faae67804dbe0698663074,
 arxivid = {2006.00924},
 author = {Ruby J Wright and C. Lagos and C. Power and P. Mitchell},
 booktitle = {Monthly notices of the Royal Astronomical Society},
 corpusid = {219176725},
 day = {1},
 doi = {10.1093/MNRAS/STAA2359},
 journal = {Monthly Notices of the Royal Astronomical Society},
 mag = {3030720472},
 month = {6},
 title = {{The impact of stellar and AGN feedback on halo-scale baryonic and dark matter accretion in the eagle simulations}},
 url = {https://www.semanticscholar.org/paper/296eb2d87443b3a734faae67804dbe0698663074},
 year = {2020}
}

@article{2a27a9c4ec8a0f39c9cbd179ab10f8af04560ba8,
 arxivid = {1003.0679},
 author = {C. Steidel and D. Erb and A. Shapley and M. Pettini and N. Reddy and M. Bogosavljević and G. Rudie and Olivera Rakic},
 corpusid = {43048500},
 day = {2},
 doi = {10.1088/0004-637X/717/1/289},
 journal = {The Astrophysical Journal},
 mag = {2950555452},
 month = {3},
 pages = {289 - 322},
 title = {{THE STRUCTURE AND KINEMATICS OF THE CIRCUMGALACTIC MEDIUM FROM FAR-ULTRAVIOLET SPECTRA OF z ≃ 2–3 GALAXIES}},
 url = {https://www.semanticscholar.org/paper/2a27a9c4ec8a0f39c9cbd179ab10f8af04560ba8},
 volume = {717},
 year = {2010}
}

@article{2c004e6277b8f8b6303f10b28bbc39ec6ce9bc18,
 arxivid = {0811.2003},
 author = {J. Prochaska and A. Wolfe},
 corpusid = {14136552},
 day = {12},
 doi = {10.1088/0004-637X/696/2/1543},
 journal = {The Astrophysical Journal},
 mag = {2045546516},
 month = {11},
 pages = {1543 - 1547},
 title = {{ON THE (NON)EVOLUTION OF H i GAS IN GALAXIES OVER COSMIC TIME}},
 url = {https://www.semanticscholar.org/paper/2c004e6277b8f8b6303f10b28bbc39ec6ce9bc18},
 volume = {696},
 year = {2008}
}

@article{2c075081e46d27f76c0c3cdbee3aca751dc9e633,
 arxivid = {1903.00004},
 author = {G. Rudie and C. Steidel and M. Pettini and R. Trainor and A. Strom and C. Hummels and N. Reddy and A. Shapley},
 booktitle = {Astrophysical Journal},
 corpusid = {119218626},
 day = {28},
 doi = {10.3847/1538-4357/ab4255},
 journal = {The Astrophysical Journal},
 mag = {3103609701},
 month = {2},
 title = {{Column Density, Kinematics, and Thermal State of Metal-bearing Gas within the Virial Radius of z ∼ 2 Star-forming Galaxies in the Keck Baryonic Structure Survey}},
 url = {https://www.semanticscholar.org/paper/2c075081e46d27f76c0c3cdbee3aca751dc9e633},
 volume = {885},
 year = {2019}
}

@article{2ca72b0211ee412ef46c801f2e03474be01a9ab6,
 arxivid = {1611.04579},
 author = {S. Ho and C. Martin and G. Kacprzak and C. Churchill},
 corpusid = {119394747},
 day = {14},
 doi = {10.3847/1538-4357/835/2/267},
 journal = {The Astrophysical Journal},
 mag = {2954552581},
 month = {11},
 title = {{Quasars Probing Galaxies. I. Signatures of Gas Accretion at Redshift z ≈ 0.2}},
 url = {https://www.semanticscholar.org/paper/2ca72b0211ee412ef46c801f2e03474be01a9ab6},
 volume = {835},
 year = {2016}
}

@article{2d112495c41034ac7eb55a615c3c6604b544f250,
 arxivid = {1701.04824},
 author = {C. Faucher-Giguère},
 corpusid = {119458123},
 day = {17},
 doi = {10.1093/mnras/stx2595},
 journal = {Monthly Notices of the Royal Astronomical Society},
 mag = {2580326579},
 month = {1},
 pages = {3717-3731},
 title = {{A Model for the Origin of Bursty Star Formation in Galaxies}},
 url = {https://www.semanticscholar.org/paper/2d112495c41034ac7eb55a615c3c6604b544f250},
 volume = {473},
 year = {2017}
}

@article{2e6438be4901cb9b42ff23dcc3d433789b37d032,
 arxivid = {1604.01397},
 author = {F. Voort and E. Quataert and P. Hopkins and C. Faucher-Giguère and R. Feldmann and D. Kerevs and T. K. Chan and Zachary Hafen},
 corpusid = {46185537},
 day = {5},
 doi = {10.1093/mnras/stw2322},
 journal = {Monthly Notices of the Royal Astronomical Society},
 mag = {2341213228},
 month = {4},
 pages = {4533-4544},
 title = {{The impact of stellar feedback on hot gas in galaxy haloes: the Sunyaev–Zel'dovich effect and soft X-ray emission}},
 url = {https://www.semanticscholar.org/paper/2e6438be4901cb9b42ff23dcc3d433789b37d032},
 volume = {463},
 year = {2016}
}

@article{2f013557cd3312ef3108797e1b054d14c9024518,
 arxivid = {1806.07891},
 author = {M. K. Rodriguez Wimberly and M. Cooper and S. Fillingham and M. Boylan-Kolchin and J. Bullock and S. Garrison-Kimmel},
 booktitle = {Monthly notices of the Royal Astronomical Society},
 corpusid = {119537411},
 day = {20},
 doi = {10.1093/mnras/sty3357},
 journal = {Monthly Notices of the Royal Astronomical Society},
 mag = {2809595298},
 month = {6},
 title = {{The suppression of star formation on the smallest scales: what role does environment play?}},
 url = {https://www.semanticscholar.org/paper/2f013557cd3312ef3108797e1b054d14c9024518},
 year = {2018}
}

@article{2f16077b23c17d3a078c7a99472e0fc3256306df,
 arxivid = {2008.04915},
 author = {Iryna S. Butsky and D. Fielding and C. Hayward and C. Hummels and T. Quinn and J. Werk},
 booktitle = {Astrophysical Journal},
 corpusid = {221865853},
 day = {11},
 doi = {10.3847/1538-4357/abbad2},
 journal = {The Astrophysical Journal},
 mag = {3095380133},
 month = {8},
 title = {{The Impact of Cosmic Rays on Thermal Instability in the Circumgalactic Medium}},
 url = {https://www.semanticscholar.org/paper/2f16077b23c17d3a078c7a99472e0fc3256306df},
 volume = {903},
 year = {2020}
}

@article{2f83917f6979cd05dd8111b80e2d19e230067dda,
 author = {N. Katz and S. White},
 corpusid = {121582092},
 day = {1},
 doi = {10.1086/172935},
 journal = {The Astrophysical Journal},
 mag = {2012848549},
 month = {8},
 pages = {455-478},
 title = {{Hierarchical galaxy formation : overmerging and the formation of an X-ray cluster}},
 url = {https://www.semanticscholar.org/paper/2f83917f6979cd05dd8111b80e2d19e230067dda},
 volume = {412},
 year = {1993}
}

@article{30342129acf683d3d0ca256670849be75e3404d5,
 arxivid = {1903.06535},
 author = {V. Ravi and N. Battaglia and S. Burke-Spolaor and S. Chatterjee and J. Cordes and G. Hallinan and C. Law and T. Lazio and K. Masui and M. McQuinn and Julian B. Muñoz and N. Palliyaguru and J. Prochaska and A. Seymour and H. Vedantham and Yong Zheng Center for Astrophysics HarvardSmithsonian and Caltech and C. University and West Virginia UniversityCenter for Gravitational Waves and Cosmology and Cifar Azrieli Global Scholar and U. Berkeley and Jpl and Mit and U. Washington and Harvard University and Arecibo Observatory and U. Cruz and Green Bank Observatory and Astron},
 corpusid = {119185314},
 day = {12},
 journal = {arXiv: High Energy Astrophysical Phenomena},
 mag = {2981940882},
 month = {3},
 title = {{Fast Radio Burst Tomography of the Unseen Universe}},
 url = {https://www.semanticscholar.org/paper/30342129acf683d3d0ca256670849be75e3404d5},
 year = {2019}
}

@article{307824fb26bd4b25b5cd873cb57d86b15ac3f4fa,
 arxivid = {2006.13236},
 author = {Yuguang Chen and C. Steidel and C. Hummels and G. Rudie and Bili Dong and R. Trainor and M. Bogosavljevi'c and D. Erb and M. Pettini and N. Reddy and A. Shapley and A. Strom and Rachel L. Theios and C. Faucher-Giguère and P. Hopkins and D. Keres̆},
 corpusid = {220042047},
 day = {23},
 doi = {10.1093/MNRAS/STAA2808},
 journal = {Monthly Notices of the Royal Astronomical Society},
 mag = {3088179760},
 month = {6},
 title = {{The Keck Baryonic Structure Survey: using foreground/background galaxy pairs to trace the structure and kinematics of circumgalactic neutral hydrogen at z ∼ 2}},
 url = {https://www.semanticscholar.org/paper/307824fb26bd4b25b5cd873cb57d86b15ac3f4fa},
 year = {2020}
}

@article{30ef421e7a6fb6f362db070f0cab880981bfe18f,
 arxivid = {1110.5877},
 author = {N. Bouché and W. Hohensee and R. Vargas and G. Kacprzak and C. Martin and J. Cooke and C. W. C. Ucsb and Irap Toulouse and Adolfo Camarillo High School and Oakwood School and S. University and New Mexico State},
 corpusid = {119203320},
 day = {26},
 doi = {10.1111/j.1365-2966.2012.21114.x},
 journal = {Monthly Notices of the Royal Astronomical Society},
 mag = {2125473068},
 month = {10},
 pages = {801-815},
 title = {{Physical properties of galactic winds using background quasars}},
 url = {https://www.semanticscholar.org/paper/30ef421e7a6fb6f362db070f0cab880981bfe18f},
 volume = {426},
 year = {2011}
}

@article{3203cffe0f9d7ecbe8934d6e0889dc671c463d8e,
 arxivid = {2006.16317},
 author = {V. Pandya and R. Somerville and D. Angl'es-Alc'azar and C. Hayward and G. Bryan and D. Fielding and John C. Forbes and B. Burkhart and S. Genel and L. Hernquist and Chang-Goo Kim and S. Tonnesen and T. Starkenburg},
 booktitle = {Astrophysical Journal},
 corpusid = {220265369},
 day = {29},
 doi = {10.3847/1538-4357/abc3c1},
 journal = {The Astrophysical Journal},
 mag = {3040302662},
 month = {6},
 title = {{First Results from SMAUG: The Need for Preventative Stellar Feedback and Improved Baryon Cycling in Semianalytic Models of Galaxy Formation}},
 url = {https://www.semanticscholar.org/paper/3203cffe0f9d7ecbe8934d6e0889dc671c463d8e},
 volume = {905},
 year = {2020}
}

@article{329b58c3d48fc68b2601d423206875dc59ed4719,
 arxivid = {1606.01207},
 author = {E. Skillman and M. Monelli and D. Weisz and S. Hidalgo and A. Aparicio and E. Bernard and M. Boylan-Kolchin and S. Cassisi and A. Cole and A. Dolphin and H. Ferguson and C. Gallart and M. Irwin and N. Martin and C. Martínez-Vázquez and L. Mayer and A. McConnachie and K. McQuinn and J. Navarro and P. Stetson},
 corpusid = {53958697},
 day = {3},
 doi = {10.3847/1538-4357/aa60c5},
 journal = {The Astrophysical Journal},
 mag = {3105544832},
 month = {6},
 title = {{The ISLAndS Project. II. The Lifetime Star Formation Histories of Six Andromeda dSphs}},
 url = {https://www.semanticscholar.org/paper/329b58c3d48fc68b2601d423206875dc59ed4719},
 volume = {837},
 year = {2016}
}

@article{32ef3733ca11e8ac805dedfbf3012e04541c3883,
 arxivid = {astro-ph/0605725},
 author = {K. Nomoto and N. Tominaga and H. Umeda and C. Kobayashi and K. Maeda},
 corpusid = {43780935},
 day = {30},
 doi = {10.1016/j.nuclphysa.2006.05.008},
 journal = {Nuclear Physics},
 mag = {2028466334},
 month = {5},
 pages = {424-458},
 title = {{Nucleosynthesis yields of core-collapse supernovae and hypernovae, and galactic chemical evolution}},
 url = {https://www.semanticscholar.org/paper/32ef3733ca11e8ac805dedfbf3012e04541c3883},
 volume = {777},
 year = {2006}
}

@article{3369555daa15de98a1bf5e02dfc47ecda86fb444,
 arxivid = {1709.07577},
 author = {B. Oppenheimer and J. Schaye and R. Crain and J. Werk and A. J. Richings},
 booktitle = {Monthly notices of the Royal Astronomical Society},
 corpusid = {55077677},
 day = {22},
 doi = {10.1093/mnras/sty2281},
 journal = {Monthly Notices of the Royal Astronomical Society},
 mag = {2953201928},
 month = {9},
 title = {{The multiphase circumgalactic medium traced by low metal ions in EAGLE zoom simulations}},
 url = {https://www.semanticscholar.org/paper/3369555daa15de98a1bf5e02dfc47ecda86fb444},
 year = {2017}
}

@article{33c78154bbde90be0e4a7981789ce7dccebfca50,
 arxivid = {1602.06956},
 author = {T. Gutcke and G. Stinson and A. Macciò and Liang-Yao Wang and A. Dutton},
 corpusid = {119207359},
 day = {22},
 doi = {10.1093/mnras/stw2539},
 journal = {Monthly Notices of the Royal Astronomical Society},
 mag = {2283880039},
 month = {2},
 pages = {2796-2815},
 title = {{NIHAO – VIII. Circum-galactic medium and outflows – The puzzles of H i and O vi gas distributions}},
 url = {https://www.semanticscholar.org/paper/33c78154bbde90be0e4a7981789ce7dccebfca50},
 volume = {464},
 year = {2016}
}

@article{34208d723c4f8c942dd4a64ca6058d1886c2eca7,
 arxivid = {1207.0616},
 author = {M. Ackermann and M. Ajello and A. Allafort and E. Antolini and L. Baldini and J. Ballet and G. Barbiellini and D. Bastieri and K. Bechtol and R. Bellazzini and B. Berenji and R. Blandford and E. Bloom and E. Bonamente and A. Borgland and E. Bottacini and T. Brandt and J. Bregeon and M. Brigida and P. Bruel and R. Buehler and S. Buson and G. Caliandro and R. Cameron and P. Caraveo and C. Cecchi and A. Chekhtman and J. Chiang and S. Ciprini and R. Claus and J. Cohen-Tanugi and J. Conrad and F. D’Ammando and A. Angelis and F. Palma and C. Dermer and E. Silva and P. Drell and A. Drlica-Wagner and T. Enoto and L. Falletti and C. Favuzzi and S. Fegan and E. Ferrara and W. Focke and Y. Fukazawa and Y. Fukui and P. Fusco and F. Gargano and D. Gasparrini and S. Germani and N. Giglietto and F. Giordano and M. Giroletti and T. Glanzman and G. Godfrey and S. Guiriec and D. Hadasch and Y. Hanabata and A. Harding and M. Hayashida and K. Hayashi and D. Horan and X. Hou and R. Hughes and M. Jackson and G. J'ohannesson and A. Johnson and T. Kamae and H. Katagiri and J. Kataoka and M. Kerr and J. Knodlseder and M. Kuss and J. Lande and S. Larsson and S. Lee and F. Longo and F. Loparco and M. Lovellette and P. Lubrano and K. Makishima and M. Mazziotta and J. Méhault and W. Mitthumsiri and A. Moiseev and C. Monte and M. Monzani and A. Morselli and I. Moskalenko and S. Murgia and T. Nakamori and M. Naumann-Godo and S. Nishino and J. Norris and E. Nuss and M. Ohno and T. Ohsugi and A. Okumura and M. Orienti and E. Orlando and J. Ormes and M. Ozaki and D. Paneque and J. Panetta and D. Parent and V. Pelassa and M. Pesce-Rollins and M. Pierbattista and F. Piron and G. Pivato and T. Porter and S. Rainó and M. Razzano and A. Reimer and O. Reimer and M. Roth and H. Sadrozinski and C. Sgro’ and E. Siskind and G. Spandre and P. Spinelli and A. Strong and H. Takahashi and T. Takahashi and T. Tanaka and J. Thayer and J. Thayer and O. Tibolla and M. Tinivella and D. Torres and A. Tramacere and E. Troja and Y. Uchiyama and T. Usher and J. Vandenbroucke and V. Vasileiou and G. Vianello and V. Vitale and A. Waite and P. Wang and B. Winer and K. Wood and Z. Yang and S. Zimmer},
 booktitle = {Astrophysical Journal},
 corpusid = {118693667},
 day = {3},
 doi = {10.1088/0004-637X/756/1/4},
 journal = {The Astrophysical Journal},
 mag = {2102765929},
 month = {7},
 title = {{GAMMA-RAY OBSERVATIONS OF THE ORION MOLECULAR CLOUDS WITH THE FERMI LARGE AREA TELESCOPE}},
 url = {https://www.semanticscholar.org/paper/34208d723c4f8c942dd4a64ca6058d1886c2eca7},
 volume = {756},
 year = {2012}
}

@article{34c11f5339795e5eb8b39f9ab50c5a5911b53c7c,
 arxivid = {1305.6923},
 author = {J. Oñorbe and S. Garrison-Kimmel and A. Maller and J. Bullock and Miguel Rocha and O. Hahn},
 corpusid = {118588783},
 day = {29},
 doi = {10.1093/mnras/stt2020},
 journal = {Monthly Notices of the Royal Astronomical Society},
 mag = {2018939257},
 month = {5},
 pages = {1894-1908},
 title = {{How to zoom: bias, contamination and Lagrange volumes in multimass cosmological simulations}},
 url = {https://www.semanticscholar.org/paper/34c11f5339795e5eb8b39f9ab50c5a5911b53c7c},
 volume = {437},
 year = {2013}
}

@article{34e901b27f928b1ef6e137658cc63b8d16059f6f,
 author = {S. White and C. Frenk},
 corpusid = {120132877},
 day = {20},
 doi = {10.1086/170483},
 journal = {The Astrophysical Journal},
 mag = {1964055719},
 month = {9},
 pages = {52-79},
 title = {{Galaxy formation through hierarchical clustering}},
 url = {https://www.semanticscholar.org/paper/34e901b27f928b1ef6e137658cc63b8d16059f6f},
 volume = {379},
 year = {1991}
}

@article{34f4cbfbb8781cea955584f29367883ace160d8d,
 arxivid = {astro-ph/9710107},
 author = {G. Bryan and M. Norman},
 corpusid = {16118077},
 day = {10},
 doi = {10.1086/305262},
 journal = {The Astrophysical Journal},
 mag = {3106014062},
 month = {10},
 pages = {80 - 99},
 title = {{Statistical Properties of X-Ray Clusters: Analytic and Numerical Comparisons}},
 url = {https://www.semanticscholar.org/paper/34f4cbfbb8781cea955584f29367883ace160d8d},
 volume = {495},
 year = {1997}
}

@article{363a700115f9c34a9359d8e5f408ea3aa5d956e9,
 arxivid = {2105.10202},
 author = {A. Vidal-Garc'ia and E. Falgarone and F. A. Battaia and B. Godard and R. Ivison and M. Zwaan and C. Herrera and D. Frayer and P. Andreani and Q. Li and R. Gavazzi},
 booktitle = {Monthly notices of the Royal Astronomical Society},
 corpusid = {235125853},
 day = {21},
 doi = {10.1093/mnras/stab1503},
 journal = {Monthly Notices of the Royal Astronomical Society},
 month = {5},
 pages = {2551-2573},
 title = {{Where infall meets outflows: turbulent dissipation probed by CH+ and Lyα in the starburst/AGN galaxy group SMM J02399−0136 at z ∼ 2.8}},
 url = {https://www.semanticscholar.org/paper/363a700115f9c34a9359d8e5f408ea3aa5d956e9},
 volume = {506},
 year = {2021}
}

@article{370fa9a95e29c1d9c15460d727ad196a009cfd95,
 arxivid = {1601.07188},
 author = {C. Faucher-Giguère and R. Feldmann and E. Quataert and D. Keres̆ and P. Hopkins and N. M. Northwestern and U. Berkeley and U. Diego and Caltech and Cita},
 corpusid = {28937216},
 day = {26},
 doi = {10.1093/mnrasl/slw091},
 journal = {Monthly Notices of the Royal Astronomical Society},
 mag = {2273578775},
 month = {1},
 title = {{A stellar feedback origin for neutral hydrogen in high-redshift quasar-mass haloes}},
 url = {https://www.semanticscholar.org/paper/370fa9a95e29c1d9c15460d727ad196a009cfd95},
 volume = {461},
 year = {2016}
}

@article{3879519e7660664932f89f3c35a736a9499fd852,
 arxivid = {1911.01271},
 author = {Ting-Wen Lan},
 corpusid = {207779543},
 day = {4},
 doi = {10.3847/1538-4357/AB989A},
 journal = {The Astrophysical Journal},
 mag = {2988322592},
 month = {11},
 pages = {97},
 title = {{The Coevolution of Galaxies and the Cool Circumgalactic Medium Probed with the SDSS and DESI Legacy Imaging Surveys}},
 url = {https://www.semanticscholar.org/paper/3879519e7660664932f89f3c35a736a9499fd852},
 volume = {897},
 year = {2019}
}

@article{38901fce71b31f147bd5f5a4712fee67aff66958,
 arxivid = {2102.09580},
 author = {Xuejian Shen and P. Hopkins and L. Necib and F. Jiang and M. Boylan-Kolchin and A. Wetzel},
 booktitle = {Monthly notices of the Royal Astronomical Society},
 corpusid = {231979489},
 day = {18},
 doi = {10.1093/mnras/stab2042},
 journal = {Monthly Notices of the Royal Astronomical Society},
 month = {2},
 title = {{Dissipative dark matter on FIRE – I. Structural and kinematic properties of dwarf galaxies}},
 url = {https://www.semanticscholar.org/paper/38901fce71b31f147bd5f5a4712fee67aff66958},
 year = {2021}
}

@article{38da90a134fa90ed4b867113fb9d8489c98194fd,
 arxivid = {1805.00946},
 author = {R. Brennan and E. Choi and R. Somerville and M. Hirschmann and T. Naab and J. Ostriker},
 booktitle = {Astrophysical Journal},
 corpusid = {119230318},
 day = {2},
 doi = {10.3847/1538-4357/aac2c4},
 journal = {The Astrophysical Journal},
 mag = {3106424135},
 month = {5},
 title = {{Momentum-driven Winds from Radiatively Efficient Black Hole Accretion and Their Impact on Galaxies}},
 url = {https://www.semanticscholar.org/paper/38da90a134fa90ed4b867113fb9d8489c98194fd},
 volume = {860},
 year = {2018}
}

@article{3c64858328a432b171fb328e55170d3d164a4b21,
 arxivid = {astro-ph/0407095},
 author = {N. Katz and D. Keres̆ and R. Davé and D. Weinberg},
 corpusid = {4482572},
 day = {13},
 doi = {10.1007/978-94-010-0115-1_34},
 journal = {Monthly Notices of the Royal Astronomical Society},
 mag = {2952962251},
 month = {9},
 pages = {2-28},
 title = {{How do galaxies get their gas}},
 url = {https://www.semanticscholar.org/paper/3c64858328a432b171fb328e55170d3d164a4b21},
 volume = {363},
 year = {2002}
}

@article{3caf32adfcc47abcd9adc8f0d7fc3e65f7f4c172,
 author = {A. A. Kokhanov and I. P. Karachevtseva and A. Zubarev and V. Patraty and Z. Rodionova and J. Oberst},
 booktitle = {Planetary and Space Science},
 corpusid = {126122076},
 day = {1},
 doi = {10.1016/J.PSS.2017.08.002},
 journal = {Planetary and Space Science},
 mag = {2744328685},
 month = {8},
 title = {{Mapping of potential lunar landing areas using LRO and SELENE data}},
 url = {https://www.semanticscholar.org/paper/3caf32adfcc47abcd9adc8f0d7fc3e65f7f4c172},
 year = {2017}
}

@article{3d31f08ab3b8bdc68218847607d9223016d32a4b,
 arxivid = {2202.00024},
 author = {D. Fisher and A. Bolatto and K. Glazebrook and D. Obreschkow and R. Abraham and G. Kacprzak and N. Nielsen},
 booktitle = {Astrophysical Journal},
 corpusid = {246442244},
 day = {31},
 doi = {10.3847/1538-4357/ac51c8},
 journal = {The Astrophysical Journal},
 month = {1},
 title = {{Extreme Variation in Star Formation Efficiency across a Compact, Starburst Disk Galaxy}},
 url = {https://www.semanticscholar.org/paper/3d31f08ab3b8bdc68218847607d9223016d32a4b},
 volume = {928},
 year = {2022}
}

@article{3e1c0db2e2527ac451cb0ccf84a1f9c9a6b39498,
 arxivid = {astro-ph/0002526},
 author = {T. Heckman and M. Lehnert and D. Strickland and L. Armus},
 corpusid = {18376027},
 day = {29},
 doi = {10.1086/313421},
 journal = {The Astrophysical Journal Supplement Series},
 mag = {2091114210},
 month = {2},
 pages = {493 - 516},
 title = {{Absorption-Line Probes of Gas and Dust in Galactic Superwinds}},
 url = {https://www.semanticscholar.org/paper/3e1c0db2e2527ac451cb0ccf84a1f9c9a6b39498},
 volume = {129},
 year = {2000}
}

@article{3ee53e9059eb774803bb30f74c0d8e4ef4fadcbc,
 arxivid = {1507.07002},
 author = {C. Liang and A. Kravtsov and O. Agertz},
 corpusid = {118780097},
 day = {24},
 doi = {10.1093/mnras/stw375},
 journal = {Monthly Notices of the Royal Astronomical Society},
 mag = {945915305},
 month = {7},
 pages = {1164-1187},
 title = {{Column density profiles of multiphase gaseous haloes}},
 url = {https://www.semanticscholar.org/paper/3ee53e9059eb774803bb30f74c0d8e4ef4fadcbc},
 volume = {458},
 year = {2015}
}

@article{3f7ee76f78e79299c34ff67fe3bed5cb32634ea4,
 arxivid = {2104.09527},
 author = {Y. Zu},
 corpusid = {233306995},
 day = {19},
 doi = {10.1093/mnras/stab1752},
 month = {4},
 title = {{Kinematics of Mg ii absorbers from the redshift-space distortion around massive quiescent galaxies}},
 url = {https://www.semanticscholar.org/paper/3f7ee76f78e79299c34ff67fe3bed5cb32634ea4},
 year = {2021}
}

@article{3fa55f6ed08e59e47944f15632385e292b9b4432,
 arxivid = {2005.12916},
 author = {Alex Gurvich and C. Faucher-Giguère and A. J. Richings and P. Hopkins and Michael Y. Grudić and Zachary Hafen and S. Wellons and J. Stern and E. Quataert and T. K. Chan and Matthew E. Orr and D. Keres̆ and A. Wetzel and C. Hayward and S. Loebman and N. Murray},
 booktitle = {Monthly notices of the Royal Astronomical Society},
 corpusid = {218900511},
 day = {26},
 doi = {10.1093/MNRAS/STAA2578},
 journal = {Monthly Notices of the Royal Astronomical Society},
 mag = {3030951550},
 month = {5},
 title = {{Pressure balance in the multiphase ISM of cosmologically simulated disc galaxies}},
 url = {https://www.semanticscholar.org/paper/3fa55f6ed08e59e47944f15632385e292b9b4432},
 year = {2020}
}

@article{3fd1445c24c69f9fc7086c80de25d5eaeba25e51,
 arxivid = {1602.07703},
 author = {P. Hopkins},
 corpusid = {37604016},
 day = {24},
 doi = {10.1093/mnras/stw3306},
 journal = {Monthly Notices of the Royal Astronomical Society},
 mag = {2279467710},
 month = {2},
 pages = {3387-3405},
 title = {{Anisotropic Diffusion in Mesh-Free Numerical Magnetohydrodynamics}},
 url = {https://www.semanticscholar.org/paper/3fd1445c24c69f9fc7086c80de25d5eaeba25e51},
 volume = {466},
 year = {2016}
}

@article{41fd8065b9c196735c8084c32c442fbc845dbd0e,
 arxivid = {2202.06969},
 author = {A. Wetzel and C. Hayward and R. Sanderson and Xiangcheng Ma and D. Anglés-Alcázar and R. Feldmann and T. K. Chan and K. El-Badry and Coral Wheeler and S. Garrison-Kimmel and F. Nikakhtar and N. Panithanpaisal and Arpit Arora and Alex Gurvich and J. Samuel and Omid Sameie and V. Pandya and Zachary Hafen and C. Hummels and S. Loebman and M. Boylan-Kolchin and J. Bullock and C. Faucher-Giguère and D. Keres̆ and E. Quataert and P. Hopkins},
 booktitle = {Astrophysical Journal Supplement Series},
 corpusid = {246863883},
 day = {15},
 doi = {10.3847/1538-4365/acb99a},
 journal = {The Astrophysical Journal Supplement Series},
 month = {2},
 title = {{Public Data Release of the FIRE-2 Cosmological Zoom-in Simulations of Galaxy Formation}},
 url = {https://www.semanticscholar.org/paper/41fd8065b9c196735c8084c32c442fbc845dbd0e},
 volume = {265},
 year = {2022}
}

@article{42c148e9ac37cc15ab9aefd1957d661cb6715e66,
 arxivid = {1206.1859},
 author = {A. B. Ford and B. Oppenheimer and R. Dav'e and N. Katz and J. Kollmeier and D. Weinberg},
 corpusid = {102507575},
 day = {8},
 doi = {10.1093/mnras/stt393},
 journal = {Monthly Notices of the Royal Astronomical Society},
 mag = {2102683611},
 month = {6},
 pages = {89-112},
 title = {{Hydrogen and Metal Line Absorption Around Low-Redshift Galaxies in Cosmological Hydrodynamic Simulations}},
 url = {https://www.semanticscholar.org/paper/42c148e9ac37cc15ab9aefd1957d661cb6715e66},
 volume = {432},
 year = {2012}
}

@article{4337a5bec9b6d65ba2d9e2c288da4b4728f0f9c8,
 arxivid = {1211.6131},
 author = {J. Xavier Prochaska and J. Hennawi and R. Simcoe},
 corpusid = {55157433},
 day = {26},
 doi = {10.1088/2041-8205/762/2/L19},
 journal = {The Astrophysical Journal Letters},
 mag = {2132899834},
 month = {11},
 title = {{A SUBSTANTIAL MASS OF COOL, METAL-ENRICHED GAS SURROUNDING THE PROGENITORS OF MODERN-DAY ELLIPTICALS}},
 url = {https://www.semanticscholar.org/paper/4337a5bec9b6d65ba2d9e2c288da4b4728f0f9c8},
 volume = {762},
 year = {2012}
}

@article{4364af31229f7e9a3d83a289a928b2f2a43d30cb,
 arxivid = {1702.06148},
 author = {P. Hopkins and A. Wetzel and D. Keres̆ and C. Faucher-Giguère and E. Quataert and M. Boylan-Kolchin and N. Murray and C. Hayward and S. Garrison-Kimmel and C. Hummels and R. Feldmann and P. Torrey and Xiangcheng Ma and D. Anglés-Alcázar and Kung-Yi Su and Matthew E. Orr and D. Schmitz and I. Escala and R. Sanderson and Michael Y. Grudić and Zachary Hafen and Ji-hoon Kim and Alex Fitts and J. Bullock and Coral Wheeler and T. K. Chan and Oliver D. Elbert and Desika Narananan},
 booktitle = {Monthly notices of the Royal Astronomical Society},
 corpusid = {118925863},
 day = {20},
 doi = {10.1093/mnras/sty1690},
 journal = {Monthly Notices of the Royal Astronomical Society},
 mag = {2589317285},
 month = {2},
 title = {{FIRE-2 simulations: physics versus numerics in galaxy formation}},
 url = {https://www.semanticscholar.org/paper/4364af31229f7e9a3d83a289a928b2f2a43d30cb},
 year = {2017}
}

@article{438cf4a8dad3ee1bf4c0edc2cf370465203f76fb,
 arxivid = {1602.00689},
 author = {Y. Faerman and A. Sternberg and C. McKee},
 corpusid = {119223694},
 day = {1},
 doi = {10.3847/1538-4357/835/1/52},
 journal = {The Astrophysical Journal},
 mag = {3103032316},
 month = {2},
 title = {{MASSIVE WARM/HOT GALAXY CORONAE AS PROBED BY UV/X-RAY OXYGEN ABSORPTION AND EMISSION. I. BASIC MODEL}},
 url = {https://www.semanticscholar.org/paper/438cf4a8dad3ee1bf4c0edc2cf370465203f76fb},
 volume = {835},
 year = {2016}
}

@article{46dc37369da4d40a4ad0b99be3f8f009baed400b,
 arxivid = {1109.4638},
 author = {D. Keres̆ and M. Vogelsberger and D. Sijacki and V. Springel and Lars Hernquist UC San Diego and HarvardCfA and Hits},
 corpusid = {118875983},
 day = {21},
 doi = {10.1111/j.1365-2966.2012.21548.x},
 journal = {Monthly Notices of the Royal Astronomical Society},
 mag = {2136206083},
 month = {9},
 pages = {2027-2048},
 title = {{Moving‐mesh cosmology: characteristics of galaxies and haloes}},
 url = {https://www.semanticscholar.org/paper/46dc37369da4d40a4ad0b99be3f8f009baed400b},
 volume = {425},
 year = {2011}
}

@article{47aeb6ce74b918c40041c3370b6902f883df1ae7,
 arxivid = {1503.01360},
 author = {T. Fang and D. Buote and J. Bullock and R. Ma},
 corpusid = {55284797},
 day = {4},
 doi = {10.1088/0067-0049/217/2/21},
 journal = {The Astrophysical Journal Supplement Series},
 mag = {3101348029},
 month = {3},
 title = {{XMM-NEWTON SURVEY OF LOCAL O VII ?> ABSORPTION LINES IN THE SPECTRA OF ACTIVE GALACTIC NUCLEI}},
 url = {https://www.semanticscholar.org/paper/47aeb6ce74b918c40041c3370b6902f883df1ae7},
 volume = {217},
 year = {2015}
}

@article{487aef4a1e9c85a30471210e1ad6d29df3643337,
 arxivid = {1311.2073},
 author = {P. Hopkins and D. Keres̆ and J. Oñorbe and C. Faucher-Giguère and E. Quataert and N. Murray and J. Bullock},
 corpusid = {6897163},
 day = {8},
 doi = {10.1093/mnras/stu1738},
 journal = {Monthly Notices of the Royal Astronomical Society},
 mag = {2076246932},
 month = {11},
 pages = {581-603},
 title = {{Galaxies on FIRE (Feedback In Realistic Environments): stellar feedback explains cosmologically inefficient star formation}},
 url = {https://www.semanticscholar.org/paper/487aef4a1e9c85a30471210e1ad6d29df3643337},
 volume = {445},
 year = {2013}
}

@article{48b8291755675b535d04c70a142e9c59a355bf9e,
 arxivid = {1002.4631},
 author = {D. Henley and R. Shelton},
 corpusid = {119188377},
 day = {24},
 doi = {10.1088/0067-0049/187/2/388},
 journal = {The Astrophysical Journal Supplement Series},
 mag = {2010675053},
 month = {2},
 pages = {388 - 408},
 title = {{AN XMM-NEWTON SURVEY OF THE SOFT X-RAY BACKGROUND. I. THE O vii AND O viii LINES BETWEEN l = 120° AND l = 240°}},
 url = {https://www.semanticscholar.org/paper/48b8291755675b535d04c70a142e9c59a355bf9e},
 volume = {187},
 year = {2010}
}

@article{48e749b585cb221dedb0179c0e485cdbc33ef5c6,
 arxivid = {2103.01295},
 author = {M. Bhardwaj and B. Gaensler and V. Kaspi and T. Landecker and R. Mckinven and D. Michilli and Z. Pleunis and S. Tendulkar and B. Andersen and P. Boyle and T. Cassanelli and P. Chawla and A. Cook and M. Dobbs and E. Fonseca and J. Kaczmarek and C. Leung and K. Masui and M. Mnchmeyer and C. Ng and M. Rafiei-Ravandi and P. Scholz and K. Shin and K. Smith and I. Stairs and A. Zwaniga},
 booktitle = {Astrophysical Journal Letters},
 corpusid = {232092851},
 day = {1},
 doi = {10.3847/2041-8213/abeaa6},
 journal = {The Astrophysical Journal Letters},
 mag = {3140651708},
 month = {3},
 title = {{A Nearby Repeating Fast Radio Burst in the Direction of M81}},
 url = {https://www.semanticscholar.org/paper/48e749b585cb221dedb0179c0e485cdbc33ef5c6},
 volume = {910},
 year = {2021}
}

@article{49513aa396beab3a292a3587e7cd2289e633bfa2,
 arxivid = {1901.10203},
 author = {R. Dav'e and D. Anglés-Alcázar and D. Narayanan and Qi Li and M. Rafieferantsoa and S. Appleby},
 booktitle = {Monthly notices of the Royal Astronomical Society},
 corpusid = {91184303},
 day = {29},
 doi = {10.1093/mnras/stz937},
 journal = {Monthly Notices of the Royal Astronomical Society},
 mag = {2912395310},
 month = {1},
 title = {{simba: Cosmological simulations with black hole growth and feedback}},
 url = {https://www.semanticscholar.org/paper/49513aa396beab3a292a3587e7cd2289e633bfa2},
 year = {2019}
}

@article{49ec728a5f8693d4ebdd72810085cdbb35b7c661,
 author = {Boqi Wang},
 corpusid = {121908282},
 day = {1},
 doi = {10.1086/173153},
 journal = {The Astrophysical Journal},
 mag = {2012156345},
 month = {9},
 pages = {174-180},
 title = {{QSO heavy-element absorption line systems and large galactic halos by satellite accretion}},
 url = {https://www.semanticscholar.org/paper/49ec728a5f8693d4ebdd72810085cdbb35b7c661},
 volume = {415},
 year = {1993}
}

@article{4ac3b20bf21aefb175d7fcc6f8e03564a22cd08f,
 arxivid = {astro-ph/0505010},
 author = {V. Springel},
 corpusid = {16378825},
 day = {2},
 doi = {10.1111/j.1365-2966.2005.09655.x},
 journal = {Monthly Notices of the Royal Astronomical Society},
 mag = {2100188138},
 month = {5},
 pages = {1105-1134},
 title = {{The Cosmological simulation code GADGET-2}},
 url = {https://www.semanticscholar.org/paper/4ac3b20bf21aefb175d7fcc6f8e03564a22cd08f},
 volume = {364},
 year = {2005}
}

@article{4afe175dab03bbebb9c1c04cdb6424fc191708da,
 arxivid = {0809.1430},
 author = {D. Kerevs and N. Katz and M. Fardal and R. Davé and David H. Weinberg HarvardCFA and Umass and U. Arizona and Ohio-State},
 corpusid = {15020915},
 day = {8},
 doi = {10.1111/j.1365-2966.2009.14541.x},
 journal = {Monthly Notices of the Royal Astronomical Society},
 mag = {1487982544},
 month = {9},
 pages = {160-179},
 title = {{Galaxies in a simulated ΛCDM Universe – I. Cold mode and hot cores}},
 url = {https://www.semanticscholar.org/paper/4afe175dab03bbebb9c1c04cdb6424fc191708da},
 volume = {395},
 year = {2008}
}

@article{4b11b4c9d53db50326af146de8358fd5e37a905f,
 arxivid = {1212.1916},
 author = {Alice Allen and K. DuPrie and G. Berriman and R. Hanisch and J. Mink and P. Teuben},
 booktitle = {arXiv.org},
 corpusid = {41142765},
 day = {9},
 dblp = {journals/corr/abs-1212-1916},
 journal = {ArXiv},
 mag = {1751824744},
 month = {12},
 title = {{Astrophysics Source Code Library}},
 url = {https://www.semanticscholar.org/paper/4b11b4c9d53db50326af146de8358fd5e37a905f},
 volume = {abs/1212.1916},
 year = {2012}
}

@article{4b4a0c93ad9f2b9f204d51d221c3ee473696c762,
 arxivid = {1511.03275},
 author = {G. Kacprzak and S. Muzahid and C. Churchill and N. Nielsen and J. Charlton},
 corpusid = {56370321},
 day = {10},
 doi = {10.1088/0004-637X/815/1/22},
 journal = {The Astrophysical Journal},
 mag = {2232756680},
 month = {11},
 title = {{THE AZIMUTHAL DEPENDENCE OF OUTFLOWS AND ACCRETION DETECTED USING O vi ABSORPTION}},
 url = {https://www.semanticscholar.org/paper/4b4a0c93ad9f2b9f204d51d221c3ee473696c762},
 volume = {815},
 year = {2015}
}

@article{4ec0648b6c75f30b82fe005ba8c6bff9a2ed766d,
 arxivid = {2009.03885},
 author = {S. Sankar and A. Narayanan and B. Savage and V. Khaire and B. Rosenwasser and J. Charlton and B. Wakker},
 corpusid = {221535419},
 day = {8},
 doi = {10.1093/mnras/staa2671},
 journal = {Monthly Notices of the Royal Astronomical Society},
 mag = {3083424706},
 month = {9},
 pages = {4864-4886},
 title = {{Physical conditions of five O vi absorption systems towards PG 1522+101}},
 url = {https://www.semanticscholar.org/paper/4ec0648b6c75f30b82fe005ba8c6bff9a2ed766d},
 volume = {498},
 year = {2020}
}

@article{50dea78a96f03ba7fc3398c5deea5174630ef186,
 arxivid = {1706.01893},
 author = {J. Howk and Christopher B. Wotta and M. A. Berg and N. Lehner and F. Lockman and Zachary Hafen and D. Pisano and C. Faucher-Giguère and B. Wakker and J. Prochaska and S. Wolfe and J. Ribaudo and K. Barger and L. Corlies and A. Fox and P. Guhathakurta and E. Jenkins and J. Kalirai and J. O’Meara and M. Peeples and Kyle R. Stewart and J. Strader},
 corpusid = {118895038},
 day = {6},
 doi = {10.3847/1538-4357/aa87b4},
 journal = {The Astrophysical Journal},
 mag = {2755844684},
 month = {6},
 title = {{Project AMIGA: A Minimal Covering Factor for Optically Thick Circumgalactic Gas around the Andromeda Galaxy}},
 url = {https://www.semanticscholar.org/paper/50dea78a96f03ba7fc3398c5deea5174630ef186},
 volume = {846},
 year = {2017}
}

@article{53099f36f217f80f1d1f81f5b462d1f43ca8892c,
 arxivid = {1803.08963},
 author = {J. Bregman and Michael E. Anderson and M. Miller and E. Hodges-Kluck and X. Dai and Jiangtao Li and Yunyang Li and Zhijie Qu},
 booktitle = {Astrophysical Journal},
 corpusid = {62892199},
 day = {23},
 doi = {10.3847/1538-4357/aacafe},
 journal = {The Astrophysical Journal},
 mag = {3098736410},
 month = {3},
 title = {{The Extended Distribution of Baryons around Galaxies}},
 url = {https://www.semanticscholar.org/paper/53099f36f217f80f1d1f81f5b462d1f43ca8892c},
 volume = {862},
 year = {2018}
}

@article{53b60a60225ae0277664c3da6d437d5f4d303376,
 arxivid = {1102.3912},
 author = {F. Voort and J. Schaye and C. Booth and C. D. L. Observatory and L. I. O. Physics},
 corpusid = {59357521},
 day = {18},
 doi = {10.1111/j.1365-2966.2011.18896.x},
 journal = {arXiv: Cosmology and Nongalactic Astrophysics},
 mag = {2962709014},
 month = {2},
 title = {{The drop in the cosmic star formation rate below redshift 2 is caused by a change in the mode of gas accretion and by AGN feedback}},
 url = {https://www.semanticscholar.org/paper/53b60a60225ae0277664c3da6d437d5f4d303376},
 year = {2011}
}

@article{54a83cd1d94814b0f37ee48084260a2d1882648d,
 arxivid = {1712.03966},
 author = {S. Garrison-Kimmel and P. Hopkins and A. Wetzel and K. El-Badry and R. Sanderson and J. Bullock and Xiangcheng Ma and F. van de Voort and Zachary Hafen and C. Faucher-Giguère and C. Hayward and E. Quataert and D. Keres̆ and M. Boylan-Kolchin},
 booktitle = {Monthly notices of the Royal Astronomical Society},
 corpusid = {58607362},
 day = {11},
 doi = {10.1093/mnras/sty2513},
 journal = {Monthly notices of the Royal Astronomical Society},
 mag = {2772189013},
 month = {12},
 pages = {          4133-4157        },
 pubmed = {30598560},
 title = {{The origin of the diverse morphologies and kinematics of Milky Way-mass galaxies in the FIRE-2 simulations.}},
 url = {https://www.semanticscholar.org/paper/54a83cd1d94814b0f37ee48084260a2d1882648d},
 volume = {481 3},
 year = {2017}
}

@article{54aefad629c70d0b2c534d14e874be18d44d512b,
 arxivid = {1207.6105},
 author = {P. Behroozi and R. Wechsler and C. Conroy},
 corpusid = {85450283},
 day = {25},
 doi = {10.1088/0004-637X/770/1/57},
 journal = {The Astrophysical Journal},
 mag = {2074259895},
 month = {7},
 title = {{THE AVERAGE STAR FORMATION HISTORIES OF GALAXIES IN DARK MATTER HALOS FROM z = 0–8}},
 url = {https://www.semanticscholar.org/paper/54aefad629c70d0b2c534d14e874be18d44d512b},
 volume = {770},
 year = {2012}
}

@article{54c4381daf4cf12d20bfc7e427404869a1aa5476,
 arxivid = {1907.05557},
 author = {S. Pointon and G. Kacprzak and N. Nielsen and S. Muzahid and M. Murphy and C. Churchill and J. Charlton},
 booktitle = {Astrophysical Journal},
 corpusid = {196471108},
 day = {12},
 doi = {10.3847/1538-4357/ab3b0e},
 journal = {The Astrophysical Journal},
 mag = {2976675770},
 month = {7},
 title = {{Relationship between the Metallicity of the Circumgalactic Medium and Galaxy Orientation}},
 url = {https://www.semanticscholar.org/paper/54c4381daf4cf12d20bfc7e427404869a1aa5476},
 volume = {883},
 year = {2019}
}

@article{54e7772d5685e8167474b80b05fb4957a8eedd93,
 arxivid = {1710.06533},
 author = {I. Escala and A. Wetzel and E. Kirby and P. Hopkins and Xiangcheng Ma and Coral Wheeler and D. Kerevs and C. Faucher-Giguère and E. Quataert},
 corpusid = {55032887},
 day = {18},
 doi = {10.1093/mnras/stx2858},
 journal = {Monthly Notices of the Royal Astronomical Society},
 mag = {2765767150},
 month = {10},
 pages = {2194-2211},
 title = {{Modelling chemical abundance distributions for dwarf galaxies in the Local Group: The impact of turbulent metal diffusion}},
 url = {https://www.semanticscholar.org/paper/54e7772d5685e8167474b80b05fb4957a8eedd93},
 volume = {474},
 year = {2017}
}

@article{54f2ce8353ba4dd41d9c61b52b6f214e88f5980a,
 arxivid = {1103.3528},
 author = {R. Dav'e and B. Oppenheimer and K. Finlator},
 corpusid = {119247997},
 day = {17},
 doi = {10.1111/j.1365-2966.2011.18680.x},
 journal = {Monthly Notices of the Royal Astronomical Society},
 mag = {2952859971},
 month = {3},
 pages = {11-31},
 title = {{Galaxy evolution in cosmological simulations with outflows ― I. Stellar masses and star formation rates}},
 url = {https://www.semanticscholar.org/paper/54f2ce8353ba4dd41d9c61b52b6f214e88f5980a},
 volume = {415},
 year = {2011}
}

@article{56471a837b83244d85921d2ad210ea10b54dfe96,
 arxivid = {1605.08700},
 author = {M. Turner and J. Schaye and R. Crain and T. Theuns and M. Wendt},
 corpusid = {59126583},
 day = {27},
 doi = {10.1093/mnras/stw1816},
 journal = {Monthly Notices of the Royal Astronomical Society},
 mag = {2399898475},
 month = {5},
 pages = {2440-2464},
 title = {{Observations of metals in the z ≈ 3.5 intergalactic medium and comparison to the EAGLE simulations}},
 url = {https://www.semanticscholar.org/paper/56471a837b83244d85921d2ad210ea10b54dfe96},
 volume = {462},
 year = {2016}
}

@article{588056128605c742991c3256aade8cf298d53f5a,
 arxivid = {1003.1190},
 author = {E. Caffau and H. Ludwig and M. Steffen and B. Freytag and P. Bonifacio},
 corpusid = {17733568},
 day = {5},
 doi = {10.1007/s11207-010-9541-4},
 journal = {Solar Physics},
 mag = {2100183643},
 month = {3},
 pages = {255-269},
 title = {{Solar Chemical Abundances Determined with a CO5BOLD 3D Model Atmosphere}},
 url = {https://www.semanticscholar.org/paper/588056128605c742991c3256aade8cf298d53f5a},
 volume = {268},
 year = {2010}
}

@article{59b1c1e4c248c7bdcd693498ee05191ce08df6c5,
 arxivid = {2008.12303},
 author = {D. Anglés-Alcázar and E. Quataert and P. Hopkins and R. Somerville and C. Hayward and C. Faucher-Giguère and G. Bryan and D. Keres̆ and L. Hernquist and J. Stone},
 corpusid = {221370537},
 day = {27},
 doi = {10.3847/1538-4357/ac09e8},
 journal = {The Astrophysical Journal},
 mag = {3081721810},
 month = {8},
 title = {{Cosmological Simulations of Quasar Fueling to Subparsec Scales Using Lagrangian Hyper-refinement}},
 url = {https://www.semanticscholar.org/paper/59b1c1e4c248c7bdcd693498ee05191ce08df6c5},
 volume = {917},
 year = {2020}
}

@article{59ec1bd8b5193f1cc1ad3d61c704bcb415c6cb7a,
 arxivid = {2006.00006},
 author = {K. Mortensen and Keerthi Vasan G. C. and T. Jones and C. Faucher-Giguère and R. Sanders and R. Ellis and N. Leethochawalit and D. Stark},
 corpusid = {219176715},
 day = {29},
 doi = {10.3847/1538-4357/abfa11},
 journal = {The Astrophysical Journal},
 mag = {3032234211},
 month = {5},
 title = {{Kinematics of the Circumgalactic Medium of a z = 0.77 Galaxy from Mg ii Tomography}},
 url = {https://www.semanticscholar.org/paper/59ec1bd8b5193f1cc1ad3d61c704bcb415c6cb7a},
 volume = {914},
 year = {2020}
}

@article{5a2d80b96118e09045d5fbb6346f0047a47bb2ba,
 arxivid = {2002.08516},
 author = {N. Nielsen and G. Kacprzak and S. Pointon and M. Murphy and C. Churchill and R. Dav'e},
 booktitle = {Astrophysical Journal},
 corpusid = {211205221},
 day = {20},
 doi = {10.3847/1538-4357/abc561},
 journal = {The Astrophysical Journal},
 mag = {3008671788},
 month = {2},
 title = {{The CGM at Cosmic Noon with KCWI: Outflows from a Star-forming Galaxy at z = 2.071}},
 url = {https://www.semanticscholar.org/paper/5a2d80b96118e09045d5fbb6346f0047a47bb2ba},
 volume = {904},
 year = {2020}
}

@article{5a6137fee3f962573e4948322acab97cdc9196ea,
 arxivid = {astro-ph/0410247},
 author = {C. Martin},
 corpusid = {53584270},
 day = {9},
 doi = {10.1086/427277},
 journal = {The Astrophysical Journal},
 mag = {2058210847},
 month = {10},
 pages = {227 - 245},
 title = {{Mapping Large-Scale Gaseous Outflows in Ultraluminous Galaxies with Keck II ESI Spectra: Variations in Outflow Velocity with Galactic Mass}},
 url = {https://www.semanticscholar.org/paper/5a6137fee3f962573e4948322acab97cdc9196ea},
 volume = {621},
 year = {2004}
}

@article{5a7aced3c5477122167b1a9f41f03ddb64ab9011,
 arxivid = {1810.00005},
 author = {Kiyun Yun and A. Pillepich and E. Zinger and D. Nelson and M. Donnari and Gandhali D Joshi and V. Rodriguez-Gomez and S. Genel and R. Weinberger and M. Vogelsberger and L. Hernquist},
 booktitle = {Monthly notices of the Royal Astronomical Society},
 corpusid = {59505685},
 day = {28},
 doi = {10.1093/mnras/sty3156},
 journal = {Monthly Notices of the Royal Astronomical Society},
 mag = {2892491878},
 month = {9},
 title = {{Jellyfish galaxies with the IllustrisTNG simulations – I. Gas-stripping phenomena in the full cosmological context}},
 url = {https://www.semanticscholar.org/paper/5a7aced3c5477122167b1a9f41f03ddb64ab9011},
 year = {2018}
}

@article{5b44606bbbe03fa447799f07dd55c33110452d71,
 arxivid = {astro-ph/0609620},
 author = {A. Brooks and F. Governato and C. Booth and B. Willman and J. Gardner and J. Wadsley and G. Stinson and T. Quinn},
 corpusid = {9537968},
 day = {21},
 doi = {10.1086/511765},
 journal = {The Astrophysical Journal Letters},
 mag = {2056287285},
 month = {9},
 pages = {L17 - L20},
 title = {{The Origin and Evolution of the Mass-Metallicity Relationship for Galaxies: Results from Cosmological N-Body Simulations}},
 url = {https://www.semanticscholar.org/paper/5b44606bbbe03fa447799f07dd55c33110452d71},
 volume = {655},
 year = {2006}
}

@article{5b762ff94920df4dae49b876c9c58dfd2302e3b5,
 arxivid = {0910.5956},
 author = {S. Shen and J. Wadsley and G. Stinson},
 corpusid = {119262369},
 day = {30},
 doi = {10.1111/j.1365-2966.2010.17047.x},
 journal = {Monthly Notices of the Royal Astronomical Society},
 mag = {2952805634},
 month = {10},
 pages = {1581-1596},
 title = {{The enrichment of the intergalactic medium with adiabatic feedback – I. Metal cooling and metal diffusion}},
 url = {https://www.semanticscholar.org/paper/5b762ff94920df4dae49b876c9c58dfd2302e3b5},
 volume = {407},
 year = {2009}
}

@article{5db9ca576ea7f17a4d5302b4713d1d94b272befc,
 arxivid = {1906.08260},
 author = {J. Carlin and C. Garling and A. Peter and D. Crnojevi'c and D. Forbes and J. Hargis and B. Mutlu-Pakdil and R. Pucha and A. Romanowsky and D. Sand and K. Spekkens and J. Strader and B. Willman},
 booktitle = {Astrophysical Journal},
 corpusid = {195218404},
 day = {19},
 doi = {10.3847/1538-4357/ab4c32},
 journal = {The Astrophysical Journal},
 mag = {2951435053},
 month = {6},
 title = {{Tidal Destruction in a Low-mass Galaxy Environment: The Discovery of Tidal Tails around DDO 44}},
 url = {https://www.semanticscholar.org/paper/5db9ca576ea7f17a4d5302b4713d1d94b272befc},
 volume = {886},
 year = {2019}
}

@article{5e8e72994c6ec2076236df2f67533150d442e39a,
 arxivid = {2009.04453},
 author = {D. Barat and F. d’Eugenio and M. Colless and S. Sweet and B. Groves and L. Cortese},
 corpusid = {221557455},
 day = {9},
 doi = {10.1093/mnras/staa2716},
 journal = {Monthly Notices of the Royal Astronomical Society},
 mag = {3084186323},
 month = {9},
 pages = {5885-5903},
 title = {{SHαDE: survey description and mass–kinematics scaling relations for dwarf galaxies}},
 url = {https://www.semanticscholar.org/paper/5e8e72994c6ec2076236df2f67533150d442e39a},
 volume = {498},
 year = {2020}
}

@article{5ebbb2419930462284dc5905ca2e79449c38d5cc,
 arxivid = {2010.13606},
 author = {Fei Li and Mubdi Rahman and N. Murray and Zachary Hafen and C. Faucher-Giguère and J. Stern and C. Hummels and P. Hopkins and K. El-Badry and D. Keres̆},
 booktitle = {Monthly notices of the Royal Astronomical Society},
 corpusid = {225067893},
 day = {26},
 doi = {10.1093/mnras/staa3322},
 journal = {Monthly Notices of the Royal Astronomical Society},
 mag = {3094615220},
 month = {10},
 title = {{Probing the CGM of low-redshift dwarf galaxies using FIRE simulations}},
 url = {https://www.semanticscholar.org/paper/5ebbb2419930462284dc5905ca2e79449c38d5cc},
 year = {2020}
}

@article{5f6f800d7d75436ef271eab464437bcbf7fa5f7e,
 arxivid = {0902.1535},
 author = {R. Wiersma and J. Schaye and T. Theuns and C. D. Vecchia and L. Tornatore},
 corpusid = {16913042},
 day = {10},
 doi = {10.1111/j.1365-2966.2009.15331.x},
 journal = {Monthly Notices of the Royal Astronomical Society},
 mag = {2141481712},
 month = {2},
 pages = {574-600},
 title = {{Chemical enrichment in cosmological, smoothed particle hydrodynamics simulations}},
 url = {https://www.semanticscholar.org/paper/5f6f800d7d75436ef271eab464437bcbf7fa5f7e},
 volume = {399},
 year = {2009}
}

@article{5f890e4db6de90a1b39df04421da8198b84c4b2a,
 arxivid = {astro-ph/9902334},
 author = {C. Leitherer and D. Schaerer and J. Goldader and R. Delgado and C. Robert and Denis Foo Kune and D. D. de Mello and D. Devost and T. Heckman},
 corpusid = {118968800},
 day = {23},
 doi = {10.1086/313233},
 journal = {The Astrophysical Journal Supplement Series},
 mag = {2041127769},
 month = {2},
 pages = {3 - 40},
 title = {{Starburst99: Synthesis Models for Galaxies with Active Star Formation}},
 url = {https://www.semanticscholar.org/paper/5f890e4db6de90a1b39df04421da8198b84c4b2a},
 volume = {123},
 year = {1999}
}

@article{5fc4049aacbe03239ba255e8bbf1f4b93ca819cf,
 arxivid = {1005.1085},
 author = {D. Henley and R. Shelton and K. Kwak and M. R. Joung and M. Mac Low},
 corpusid = {119256324},
 day = {6},
 doi = {10.1088/0004-637X/723/1/935},
 journal = {The Astrophysical Journal},
 mag = {2030118508},
 month = {5},
 pages = {935 - 953},
 title = {{THE ORIGIN OF THE HOT GAS IN THE GALACTIC HALO: CONFRONTING MODELS WITH XMM-NEWTON OBSERVATIONS}},
 url = {https://www.semanticscholar.org/paper/5fc4049aacbe03239ba255e8bbf1f4b93ca819cf},
 volume = {723},
 year = {2010}
}

@article{6106d5c6b3c9dbb44038a89d3379376d4c5460a6,
 arxivid = {1412.2712},
 author = {R. Somerville and R. Dav'e},
 corpusid = {118723901},
 day = {8},
 doi = {10.1146/annurev-astro-082812-140951},
 journal = {Annual Review of Astronomy and Astrophysics},
 mag = {2008197895},
 month = {12},
 pages = {51-113},
 title = {{Physical Models of Galaxy Formation in a Cosmological Framework}},
 url = {https://www.semanticscholar.org/paper/6106d5c6b3c9dbb44038a89d3379376d4c5460a6},
 volume = {53},
 year = {2014}
}

@article{6212df8630dd59b93e4286a1cfc50a001f51f395,
 arxivid = {1309.6317},
 author = {J. Tumlinson and C. Thom and J. Werk and J. Prochaska and T. Tripp and N. Katz and R. Davé and B. Oppenheimer and J. Meiring and A. B. Ford and J. O’Meara and M. Peeples and K. Sembach and D. Weinberg},
 corpusid = {62813758},
 day = {24},
 doi = {10.1088/0004-637X/777/1/59},
 journal = {The Astrophysical Journal},
 mag = {2006160097},
 month = {9},
 title = {{THE COS-HALOS SURVEY: RATIONALE, DESIGN, AND A CENSUS OF CIRCUMGALACTIC NEUTRAL HYDROGEN}},
 url = {https://www.semanticscholar.org/paper/6212df8630dd59b93e4286a1cfc50a001f51f395},
 volume = {777},
 year = {2013}
}

@article{62560d3d649dd50500f5efd8ff2403cb759a6710,
 arxivid = {1701.09062},
 author = {T. Heckman and T. Thompson},
 corpusid = {125717874},
 day = {31},
 doi = {10.1007/978-3-319-20794-0_23-1},
 mag = {2990402345},
 month = {1},
 pages = {1-24},
 title = {{A Brief Galactic Winds and the Role Played by Massive Stars}},
 url = {https://www.semanticscholar.org/paper/62560d3d649dd50500f5efd8ff2403cb759a6710},
 year = {2017}
}

@article{6278f74636366f4e91b5a0af7a69264254a80d2a,
 arxivid = {1604.02168},
 author = {J. Stern and J. Hennawi and J. Prochaska and J. Werk},
 corpusid = {119159164},
 day = {7},
 doi = {10.3847/0004-637x/830/2/87},
 journal = {The Astrophysical Journal},
 mag = {2341443320},
 month = {4},
 title = {{A UNIVERSAL DENSITY STRUCTURE FOR CIRCUMGALACTIC GAS}},
 url = {https://www.semanticscholar.org/paper/6278f74636366f4e91b5a0af7a69264254a80d2a},
 volume = {830},
 year = {2016}
}

@article{64d27e9ec98295d8f8379de58c6f0a661dd402e7,
 arxivid = {astro-ph/0302161},
 author = {Y. Birnboim and A. D. O. Physics and The Hebrew University and Jerusalem Israel},
 corpusid = {16735935},
 day = {8},
 doi = {10.1046/j.1365-8711.2003.06955.x},
 journal = {Monthly Notices of the Royal Astronomical Society},
 mag = {2122910569},
 month = {2},
 pages = {349-364},
 title = {{Virial shocks in galactic haloes}},
 url = {https://www.semanticscholar.org/paper/64d27e9ec98295d8f8379de58c6f0a661dd402e7},
 volume = {345},
 year = {2003}
}

@article{66ca2bf1cdd47622c75998e675e6d3b965d9d5a0,
 arxivid = {2204.13229},
 author = {M. A. Berg and N. Lehner and J. Howk and J. O’Meara and J. Schaye and L. Straka and K. Cooksey and T. Tripp and J. Prochaska and B. Oppenheimer and Sean D. Johnson and S. Muzahid and R. Bordoloi and J. Werk and A. Fox and N. Katz and M. Wendt and M. Peeples and J. Ribaudo and J. Tumlinson},
 booktitle = {Astrophysical Journal},
 corpusid = {248427006},
 day = {27},
 doi = {10.3847/1538-4357/acb047},
 journal = {The Astrophysical Journal},
 month = {4},
 title = {{The Bimodal Absorption System Imaging Campaign (BASIC). I. A Dual Population of Low-metallicity Absorbers at z < 1}},
 url = {https://www.semanticscholar.org/paper/66ca2bf1cdd47622c75998e675e6d3b965d9d5a0},
 volume = {944},
 year = {2022}
}

@article{66fb6719f75670d3222d54843424c490938ac0ce,
 arxivid = {1103.0001},
 author = {C. Faucher-Giguère and D. Keres̆ and C.-P. Ma},
 corpusid = {119100789},
 day = {28},
 doi = {10.1111/j.1365-2966.2011.19457.x},
 journal = {Monthly Notices of the Royal Astronomical Society},
 mag = {2953152738},
 month = {2},
 pages = {2982-2999},
 title = {{The baryonic assembly of dark matter haloes}},
 url = {https://www.semanticscholar.org/paper/66fb6719f75670d3222d54843424c490938ac0ce},
 volume = {417},
 year = {2011}
}

@article{6769c280eab5cd119a4c787ab412fb07e3510709,
 author = {J. Bregman},
 corpusid = {121785119},
 day = {1},
 doi = {10.1086/157776},
 journal = {The Astrophysical Journal},
 mag = {2019282255},
 month = {3},
 pages = {577},
 title = {{The galactic fountain of high-velocity clouds.}},
 url = {https://www.semanticscholar.org/paper/6769c280eab5cd119a4c787ab412fb07e3510709},
 volume = {236},
 year = {1980}
}

@article{6825f0fa4cbffb052c3a171f0ab73d1ade055143,
 arxivid = {1902.03888},
 author = {É. Tollet and A. Cattaneo and A. Macciò and A. Dutton and X. Kang},
 booktitle = {Monthly notices of the Royal Astronomical Society},
 corpusid = {119384137},
 day = {11},
 doi = {10.1093/mnras/stz545},
 journal = {Monthly Notices of the Royal Astronomical Society},
 mag = {2916401045},
 month = {2},
 title = {{NIHAO XIX: how supernova feedback shapes the galaxy baryon cycle}},
 url = {https://www.semanticscholar.org/paper/6825f0fa4cbffb052c3a171f0ab73d1ade055143},
 year = {2019}
}

@article{6879ae8eec0dc3fa59a688243248dbdf39dc7412,
 arxivid = {1604.06803},
 author = {R. Crain and Y. Bahé and C. Lagos and A. Rahmati and J. Schaye and I. McCarthy and A. Marasco and R. Bower and M. Schaller and T. Theuns and T. Hulst},
 corpusid = {56232521},
 day = {22},
 doi = {10.1093/mnras/stw2586},
 journal = {Monthly Notices of the Royal Astronomical Society},
 mag = {2460998372},
 month = {4},
 pages = {4204-4226},
 title = {{The EAGLE simulations: atomic hydrogen associated with galaxies}},
 url = {https://www.semanticscholar.org/paper/6879ae8eec0dc3fa59a688243248dbdf39dc7412},
 volume = {464},
 year = {2016}
}

@article{68d7a910dc351091382bbaf0c18f3f31c80406e3,
 arxivid = {2010.02944},
 author = {S. Ho and C. Martin and J. Schaye},
 booktitle = {Astrophysical Journal},
 corpusid = {222179173},
 day = {6},
 doi = {10.3847/1538-4357/abbe88},
 journal = {The Astrophysical Journal},
 mag = {3092500027},
 month = {10},
 title = {{Morphological and Rotation Structures of Circumgalactic Mg ii Gas in the EAGLE Simulation and the Dependence on Galaxy Properties}},
 url = {https://www.semanticscholar.org/paper/68d7a910dc351091382bbaf0c18f3f31c80406e3},
 volume = {904},
 year = {2020}
}

@article{697765b43e82f0a3a7c305928a6fed510144442b,
 arxivid = {0905.2186},
 author = {D. Keres̆ and L. Hernquist},
 corpusid = {3233203},
 day = {13},
 doi = {10.1088/0004-637X/700/1/L1},
 journal = {The Astrophysical Journal},
 mag = {2083871083},
 month = {5},
 pages = {L1 - L5},
 title = {{SEEDING THE FORMATION OF COLD GASEOUS CLOUDS IN MILKY WAY-SIZE HALOS}},
 url = {https://www.semanticscholar.org/paper/697765b43e82f0a3a7c305928a6fed510144442b},
 volume = {700},
 year = {2009}
}

@article{69e2220e5adfa465c55b335c0d13194f27e2a2ae,
 arxivid = {1409.7395},
 author = {P. Hopkins},
 corpusid = {118670522},
 day = {25},
 doi = {10.1093/mnras/stv195},
 journal = {Monthly Notices of the Royal Astronomical Society},
 mag = {2101349161},
 month = {9},
 pages = {53-110},
 title = {{A new class of accurate, mesh-free hydrodynamic simulation methods}},
 url = {https://www.semanticscholar.org/paper/69e2220e5adfa465c55b335c0d13194f27e2a2ae},
 volume = {450},
 year = {2014}
}

@article{6bc870b69c44f51ffbda6dbd6e4e586e4b67236a,
 arxivid = {1811.01949},
 author = {J. Suresh and D. Nelson and S. Genel and K. Rubin and L. Hernquist},
 booktitle = {Monthly notices of the Royal Astronomical Society},
 corpusid = {119235837},
 day = {5},
 doi = {10.1093/mnras/sty3402},
 journal = {Monthly Notices of the Royal Astronomical Society},
 mag = {2899969883},
 month = {11},
 title = {{Zooming in on accretion – II. Cold circumgalactic gas simulated with a super-Lagrangian refinement scheme}},
 url = {https://www.semanticscholar.org/paper/6bc870b69c44f51ffbda6dbd6e4e586e4b67236a},
 year = {2018}
}

@article{6cab5a954be812328313b20cb81f7b03e815b6e2,
 arxivid = {1504.02097},
 author = {Xiangcheng Ma and P. Hopkins and C. Faucher-Giguère and Nick Zolman and A. Muratov and D. Keres̆ and Eliot Quataert Caltech and Northwestern and Ucsd and U. Berkeley},
 corpusid = {28573291},
 day = {8},
 doi = {10.1093/mnras/stv2659},
 journal = {Monthly Notices of the Royal Astronomical Society},
 mag = {1766563480},
 month = {4},
 pages = {2140-2156},
 title = {{The origin and evolution of the galaxy mass–metallicity relation}},
 url = {https://www.semanticscholar.org/paper/6cab5a954be812328313b20cb81f7b03e815b6e2},
 volume = {456},
 year = {2015}
}

@article{6d21b458ef7f22c889d16ec3a677583242d20d64,
 arxivid = {1412.0662},
 author = {A. Wetzel and D. Nagai},
 corpusid = {6528353},
 day = {1},
 doi = {10.1088/0004-637X/808/1/40},
 journal = {The Astrophysical Journal},
 mag = {2153344739},
 month = {12},
 title = {{THE PHYSICAL NATURE OF THE COSMIC ACCRETION OF BARYONS AND DARK MATTER INTO HALOS AND THEIR GALAXIES}},
 url = {https://www.semanticscholar.org/paper/6d21b458ef7f22c889d16ec3a677583242d20d64},
 volume = {808},
 year = {2014}
}

@article{6df314be347161d7fd5bc02128de1a80ca961a95,
 arxivid = {1808.05252},
 author = {N. Lehner and Christopher B. Wotta and J. Howk and J. O’Meara and B. Oppenheimer and K. Cooksey},
 booktitle = {Astrophysical Journal},
 corpusid = {118875420},
 day = {15},
 doi = {10.3847/1538-4357/aadd03},
 journal = {The Astrophysical Journal},
 mag = {2887711879},
 month = {8},
 title = {{The COS CGM Compendium. I. Survey Design and Initial Results}},
 url = {https://www.semanticscholar.org/paper/6df314be347161d7fd5bc02128de1a80ca961a95},
 volume = {866},
 year = {2018}
}

@article{6e294647125c0a3a78eb81866ce5b155a4e24605,
 arxivid = {1607.03893},
 author = {M. Fumagalli and S. Cantalupo and A. Dekel and S. Morris and J. O’Meara and J. Prochaska and T. Theuns},
 corpusid = {54092950},
 day = {13},
 doi = {10.1093/mnras/stw1782},
 journal = {Monthly Notices of the Royal Astronomical Society},
 mag = {2501507907},
 month = {7},
 pages = {1978-1988},
 title = {{MUSE searches for galaxies near very metal-poor gas clouds at z ∼ 3: new constraints for cold accretion models}},
 url = {https://www.semanticscholar.org/paper/6e294647125c0a3a78eb81866ce5b155a4e24605},
 volume = {462},
 year = {2016}
}

@article{6fe84620c7c5f07a4884e14ba80c41bf2787d4c6,
 arxivid = {1404.7144},
 author = {D. Weisz and A. Dolphin and E. Skillman and J. Holtzman and K. Gilbert and J. Dalcanton and B. Williams},
 corpusid = {119273716},
 day = {28},
 doi = {10.1088/0004-637X/789/2/147},
 journal = {The Astrophysical Journal},
 mag = {2088813665},
 month = {4},
 title = {{THE STAR FORMATION HISTORIES OF LOCAL GROUP DWARF GALAXIES. I. HUBBLE SPACE TELESCOPE/WIDE FIELD PLANETARY CAMERA 2 OBSERVATIONS}},
 url = {https://www.semanticscholar.org/paper/6fe84620c7c5f07a4884e14ba80c41bf2787d4c6},
 volume = {789},
 year = {2014}
}

@article{6ff38801e05c8aea756f07ee8944f71f4a5b0ad9,
 author = {Luis Pedro Coelho},
 corpusid = {67710605},
 day = {27},
 doi = {10.5334/JORS.161},
 journal = {Journal of open research software},
 mag = {2765678881},
 month = {10},
 title = {{Jug: Software for Parallel Reproducible Computation in Python}},
 url = {https://www.semanticscholar.org/paper/6ff38801e05c8aea756f07ee8944f71f4a5b0ad9},
 volume = {5},
 year = {2017}
}

@article{703dcefb0fbf4708703dbd53d5db48e0d5799c6d,
 arxivid = {1903.06840},
 author = {S. Ho and C. Martin and M. Turner},
 booktitle = {Astrophysical Journal},
 corpusid = {119259956},
 day = {15},
 doi = {10.3847/1538-4357/ab0ec2},
 journal = {The Astrophysical Journal},
 mag = {2921781611},
 month = {3},
 title = {{How Gas Accretion Feeds Galactic Disks}},
 url = {https://www.semanticscholar.org/paper/703dcefb0fbf4708703dbd53d5db48e0d5799c6d},
 volume = {875},
 year = {2019}
}

@article{705040fc2bb49aff779fc88e507867264ba8bfd1,
 arxivid = {2101.00032},
 author = {A. Mohapatra and R. Srianand and A. Pradhan},
 booktitle = {Monthly notices of the Royal Astronomical Society},
 corpusid = {230435650},
 day = {26},
 doi = {10.1093/mnras/staa4000},
 journal = {Monthly Notices of the Royal Astronomical Society},
 month = {12},
 title = {{Physical conditions and redshift evolution of optically thin C iii absorbers: low-z sample}},
 url = {https://www.semanticscholar.org/paper/705040fc2bb49aff779fc88e507867264ba8bfd1},
 year = {2020}
}

@article{7107e0f0e3d1958ace859675eab28c0868cbd428,
 author = {P. Shapiro and G. Field},
 corpusid = {121057449},
 day = {1},
 doi = {10.1086/154332},
 journal = {The Astrophysical Journal},
 mag = {2046029142},
 month = {5},
 pages = {762-765},
 title = {{Consequences of a New Hot Component of the Interstellar Medium}},
 url = {https://www.semanticscholar.org/paper/7107e0f0e3d1958ace859675eab28c0868cbd428},
 volume = {205},
 year = {1976}
}

@article{765d982fe1d08c27d459ee2bea41abafada4aaab,
 arxivid = {2110.11355},
 author = {S. Lucchini and E. D’Onghia and A. Fox},
 booktitle = {Astrophysical Journal Letters},
 corpusid = {239616327},
 day = {21},
 doi = {10.3847/2041-8213/ac3338},
 journal = {The Astrophysical Journal Letters},
 month = {10},
 title = {{The Magellanic Stream at 20 kpc: A New Orbital History for the Magellanic Clouds}},
 url = {https://www.semanticscholar.org/paper/765d982fe1d08c27d459ee2bea41abafada4aaab},
 volume = {921},
 year = {2021}
}

@article{76e46fef9303b2afa0cacf32ce07545d634ec28e,
 arxivid = {2006.13945},
 author = {C. Esmerian and A. Kravtsov and Zachary Hafen and C. Faucher-Giguère and E. Quataert and J. Stern and D. Keres̆ and A. Wetzel},
 booktitle = {Monthly notices of the Royal Astronomical Society},
 corpusid = {220056069},
 day = {24},
 doi = {10.1093/mnras/stab1281},
 journal = {Monthly Notices of the Royal Astronomical Society},
 mag = {3037393880},
 month = {6},
 pages = {1841-1862},
 title = {{Thermal instability in the CGM of L⋆ galaxies: testing ‘precipitation’ models with the FIRE simulations}},
 url = {https://www.semanticscholar.org/paper/76e46fef9303b2afa0cacf32ce07545d634ec28e},
 volume = {505},
 year = {2020}
}

@article{793f7eba3a313be3f24d2c58a4566462e58b9d08,
 arxivid = {2002.07765},
 author = {S. Veilleux and R. Maiolino and A. Bolatto and S. Aalto},
 booktitle = {The Astronomy and Astrophysics Review},
 corpusid = {211146574},
 day = {18},
 doi = {10.1007/s00159-019-0121-9},
 journal = {The Astronomy and Astrophysics Review},
 mag = {3006041552},
 month = {2},
 pages = {1-173},
 title = {{Cool outflows in galaxies and their implications}},
 url = {https://www.semanticscholar.org/paper/793f7eba3a313be3f24d2c58a4566462e58b9d08},
 volume = {28},
 year = {2020}
}

@article{7976b8c53be7e65d416e2705f2f059403f708950,
 arxivid = {1607.05274},
 author = {Kung-Yi Su and P. Hopkins and C. Hayward and C. Faucher-Giguère and D. Keres̆ and Xiangcheng Ma and V. Robles},
 corpusid = {37675555},
 day = {18},
 doi = {10.1093/mnras/stx1463},
 journal = {Monthly Notices of the Royal Astronomical Society},
 mag = {2491901249},
 month = {7},
 pages = {144-166},
 title = {{Feedback first: the surprisingly weak effects of magnetic fields, viscosity, conduction and metal diffusion on sub-L* galaxy formation}},
 url = {https://www.semanticscholar.org/paper/7976b8c53be7e65d416e2705f2f059403f708950},
 volume = {471},
 year = {2016}
}

@article{7a83635e3e874a54e2f87a78297492b91e434489,
 author = {F. Voort and J. Schaye and C. Booth and C. D. Vecchia},
 corpusid = {209868185},
 day = {11},
 doi = {10.1111/J.1365-2966.2011.18896.X},
 journal = {Monthly Notices of the Royal Astronomical Society},
 mag = {2596213458},
 month = {8},
 pages = {2782-2789},
 title = {{The drop in the cosmic star formation rate below redshift 2 is caused by a change in the mode of gas accretion and by active galactic nucleus feedback: The drop in the cosmic SFR below z = 2}},
 url = {https://www.semanticscholar.org/paper/7a83635e3e874a54e2f87a78297492b91e434489},
 volume = {415},
 year = {2011}
}

@article{7ac77f5288c2cc895109455548ade36f4591e60b,
 arxivid = {astro-ph/0009005},
 author = {P. Kroupa},
 corpusid = {15276163},
 day = {1},
 doi = {10.1046/j.1365-8711.2001.04022.x},
 journal = {Monthly Notices of the Royal Astronomical Society},
 mag = {2129760210},
 month = {9},
 pages = {231-246},
 title = {{On the variation of the initial mass function}},
 url = {https://www.semanticscholar.org/paper/7ac77f5288c2cc895109455548ade36f4591e60b},
 volume = {322},
 year = {2000}
}

@article{7cac1ef6a8c921571d1097d95fcd5b4569680892,
 arxivid = {1911.02021},
 author = {C. Bustard and E. Zweibel and E. D’Onghia and J. Gallagher III and R. Farber},
 booktitle = {Astrophysical Journal},
 corpusid = {207880645},
 day = {5},
 doi = {10.3847/1538-4357/ab7fa3},
 journal = {The Astrophysical Journal},
 mag = {2987044111},
 month = {11},
 title = {{Cosmic-Ray-driven Outflows from the Large Magellanic Cloud: Contributions to the LMC Filament}},
 url = {https://www.semanticscholar.org/paper/7cac1ef6a8c921571d1097d95fcd5b4569680892},
 volume = {893},
 year = {2019}
}

@article{7cc31024e25c8cb185a7caf18d1ca599c06c12c6,
 arxivid = {1802.07263},
 author = {C. Bustard and S. Pardy and E. D’Onghia and E. Zweibel and J. Gallagher},
 booktitle = {Astrophysical Journal},
 corpusid = {54608523},
 day = {20},
 doi = {10.3847/1538-4357/aad08f},
 journal = {The Astrophysical Journal},
 mag = {2788268497},
 month = {2},
 title = {{The Fate of Supernova-heated Gas in Star-forming Regions of the LMC: Lessons for Galaxy Formation?}},
 url = {https://www.semanticscholar.org/paper/7cc31024e25c8cb185a7caf18d1ca599c06c12c6},
 volume = {863},
 year = {2018}
}

@article{7febb4aa2416dd25777b2f5d269a62ebbed50d18,
 arxivid = {1207.4837},
 author = {M. Putman and J. Peek and M. R. Joung},
 corpusid = {119195745},
 day = {20},
 doi = {10.1146/annurev-astro-081811-125612},
 journal = {Annual Review of Astronomy and Astrophysics},
 mag = {2132332740},
 month = {7},
 pages = {491-529},
 title = {{Gaseous Galaxy Halos}},
 url = {https://www.semanticscholar.org/paper/7febb4aa2416dd25777b2f5d269a62ebbed50d18},
 volume = {50},
 year = {2012}
}

@article{807c63327864a1b2bf508c5666e72d6520e1b75b,
 arxivid = {1105.5381},
 author = {J. Ribaudo and N. Lehner and J. Christopher Howk and J. Werk and T. Tripp and J. Xavier Prochaska and J. Meiring and J. Tumlinson},
 corpusid = {119231569},
 day = {26},
 doi = {10.1088/0004-637X/743/2/207},
 journal = {The Astrophysical Journal},
 mag = {2028117523},
 month = {5},
 title = {{EVIDENCE FOR COLD ACCRETION: PRIMITIVE GAS FLOWING ONTO A GALAXY AT z ∼ 0.274}},
 url = {https://www.semanticscholar.org/paper/807c63327864a1b2bf508c5666e72d6520e1b75b},
 volume = {743},
 year = {2011}
}

@article{8088cc9b244978838ebcba401600423e4f924a2d,
 arxivid = {1301.6753},
 author = {D. Nelson and M. Vogelsberger and S. Genel and D. Sijacki and D. Keres̆ and V. Springel and Lars Hernquist HarvardCfA and U. Diego and Hits},
 corpusid = {118407482},
 day = {28},
 doi = {10.1093/mnras/sts595},
 journal = {Monthly Notices of the Royal Astronomical Society},
 mag = {2084086990},
 month = {1},
 pages = {3353-3370},
 title = {{Moving mesh cosmology: tracing cosmological gas accretion}},
 url = {https://www.semanticscholar.org/paper/8088cc9b244978838ebcba401600423e4f924a2d},
 volume = {429},
 year = {2013}
}

@article{823b89ec8a9a819f9155325c43740c5bc6e19321,
 arxivid = {1111.3980},
 author = {J. Tumlinson and C. Thom and J. Werk and J. Prochaska and T. Tripp and D. Weinberg and M. Peeples and J. O’Meara and B. Oppenheimer and J. Meiring and N. Katz and R. Davè and A. B. Ford and K. Sembach},
 booktitle = {Science},
 corpusid = {5902383},
 day = {16},
 doi = {10.1126/science.1209840},
 journal = {Science},
 mag = {2047806989},
 month = {11},
 pages = {948 - 952},
 pubmed = {22096191},
 title = {{The Large, Oxygen-Rich Halos of Star-Forming Galaxies Are a Major Reservoir of Galactic Metals}},
 url = {https://www.semanticscholar.org/paper/823b89ec8a9a819f9155325c43740c5bc6e19321},
 volume = {334},
 year = {2011}
}

@article{825582c32c6b65994fe94c9bad3b5381f25c12fd,
 arxivid = {2012.00727},
 author = {Rachel Marra and C. Churchill and G. Kacprzak and Rachel Vander Vliet and D. Ceverino and James G. Lewis and N. Nielsen and S. Muzahid and J. Charlton},
 booktitle = {Astrophysical Journal},
 corpusid = {227239307},
 day = {1},
 doi = {10.3847/1538-4357/abd033},
 journal = {The Astrophysical Journal},
 mag = {3106629839},
 month = {12},
 title = {{Spatial Distribution of O vi Covering Fractions in the Simulated Circumgalactic Medium}},
 url = {https://www.semanticscholar.org/paper/825582c32c6b65994fe94c9bad3b5381f25c12fd},
 volume = {907},
 year = {2020}
}

@article{825bef0e8eccfeeb6c4ebdf758e13908327612f3,
 arxivid = {1212.2965},
 author = {C. Hummels and G. Bryan and Britton D. Smith and M. Turk},
 corpusid = {119280470},
 day = {12},
 doi = {10.1093/mnras/sts702},
 journal = {Monthly Notices of the Royal Astronomical Society},
 mag = {2021956736},
 month = {12},
 pages = {1548-1565},
 title = {{Constraints on hydrodynamical subgrid models from quasar absorption line studies of the simulated circumgalactic medium}},
 url = {https://www.semanticscholar.org/paper/825bef0e8eccfeeb6c4ebdf758e13908327612f3},
 volume = {430},
 year = {2012}
}

@article{82bc2718f45f7af1e0a9b3db4f8cd4a1d0b3b0e8,
 arxivid = {2005.13161},
 author = {J. Macquart and J. Prochaska and M. McQuinn and K. Bannister and S. Bhandari and C. Day and A. Deller and R. Ekers and C. James and L. Marnoch and S. Osłowski and C. Phillips and S. Ryder and D. R. Scott and R. Shannon and N. Tejos},
 booktitle = {Nature},
 corpusid = {218900828},
 day = {1},
 doi = {10.1038/s41586-020-2300-2},
 journal = {Nature},
 mag = {3030414242},
 month = {5},
 pages = {391-395},
 pubmed = {32461651},
 title = {{A census of baryons in the Universe from localized fast radio bursts}},
 url = {https://www.semanticscholar.org/paper/82bc2718f45f7af1e0a9b3db4f8cd4a1d0b3b0e8},
 volume = {581},
 year = {2020}
}

@article{8306fd75abaf514d45c8670ab005888f313eb567,
 arxivid = {1708.07820},
 author = {A. Sokołowska and A. Babul and L. Mayer and S. Shen and P. Madau},
 booktitle = {Astrophysical Journal},
 corpusid = {119460400},
 day = {25},
 doi = {10.3847/1538-4357/aae43a},
 journal = {The Astrophysical Journal},
 mag = {2893846287},
 month = {8},
 title = {{The Complementary Roles of Feedback and Mergers in Building the Gaseous Halo and the X-Ray Corona of Milky-Way-sized Galaxies}},
 url = {https://www.semanticscholar.org/paper/8306fd75abaf514d45c8670ab005888f313eb567},
 volume = {867},
 year = {2017}
}

@article{8314c51c86b25ba7424305a8f4ac8dad640d631e,
 arxivid = {2102.10126},
 author = {S. Appleby and R. Dav'e and D. Sorini and Kate Storey-Fisher and Britton D. Smith},
 booktitle = {Monthly notices of the Royal Astronomical Society},
 corpusid = {231986275},
 day = {19},
 doi = {10.1093/mnras/stab2310},
 journal = {Monthly Notices of the Royal Astronomical Society},
 month = {2},
 title = {{The low-redshift circumgalactic medium in simba}},
 url = {https://www.semanticscholar.org/paper/8314c51c86b25ba7424305a8f4ac8dad640d631e},
 year = {2021}
}

@article{84adc2cecf391f756d090b68b944f35213568fbb,
 arxivid = {0901.4554},
 author = {C. Faucher-Giguère and A. Lidz and M. Zaldarriaga and L. Hernquist},
 corpusid = {11778451},
 day = {28},
 doi = {10.1088/0004-637X/703/2/1416},
 journal = {The Astrophysical Journal},
 mag = {3106148052},
 month = {1},
 pages = {1416 - 1443},
 title = {{A NEW CALCULATION OF THE IONIZING BACKGROUND SPECTRUM AND THE EFFECTS OF He ii REIONIZATION}},
 url = {https://www.semanticscholar.org/paper/84adc2cecf391f756d090b68b944f35213568fbb},
 volume = {703},
 year = {2009}
}

@article{853c3c412d1af23803efc92c0f6c8a487ffd4f1c,
 arxivid = {2005.08580},
 author = {Bernhard Röttgers and T. Naab and M. Černetič and R. Dav'e and G. Kauffmann and S. Borthakur and Horst Foidl},
 booktitle = {Monthly notices of the Royal Astronomical Society},
 corpusid = {218674627},
 day = {18},
 doi = {10.1093/mnras/staa1490},
 journal = {Monthly Notices of the Royal Astronomical Society},
 mag = {3034039666},
 month = {5},
 title = {{Lyman α absorption beyond the disc of simulated spiral galaxies}},
 url = {https://www.semanticscholar.org/paper/853c3c412d1af23803efc92c0f6c8a487ffd4f1c},
 year = {2020}
}

@article{85bc9ed65936f5d4f2a7f3b623976dba274bc8bc,
 arxivid = {1801.03933},
 author = {K. El-Badry and J. Bradford and E. Quataert and M. Geha and M. Boylan-Kolchin and D. Weisz and A. Wetzel and P. Hopkins and T. K. Chan and Alex Fitts and D. Keres̆ and C. Faucher-Giguère},
 booktitle = {Monthly notices of the Royal Astronomical Society},
 corpusid = {55158954},
 day = {11},
 doi = {10.1093/mnras/sty730},
 journal = {Monthly notices of the Royal Astronomical Society},
 mag = {2783393481},
 month = {1},
 pages = {          1536-1548        },
 pubmed = {30713356},
 title = {{Gas kinematics in FIRE simulated galaxies compared to spatially unresolved HI observations.}},
 url = {https://www.semanticscholar.org/paper/85bc9ed65936f5d4f2a7f3b623976dba274bc8bc},
 volume = {477 2},
 year = {2018}
}

@article{8623f16a55f9488a5afc4d2d7fb6cb75e7cb8ee5,
 arxivid = {2105.06489},
 author = {J. Stern and A. Sternberg and C. Faucher-Giguère and Zachary Hafen and D. Fielding and E. Quataert and A. Wetzel and D. Anglés-Alcázar and K. El-Badry and D. Keres̆ and P. Hopkins},
 booktitle = {Monthly notices of the Royal Astronomical Society},
 corpusid = {234680782},
 day = {13},
 doi = {10.1093/mnras/stab2240},
 journal = {Monthly Notices of the Royal Astronomical Society},
 month = {5},
 title = {{Neutral CGM as damped Ly α absorbers at high redshift}},
 url = {https://www.semanticscholar.org/paper/8623f16a55f9488a5afc4d2d7fb6cb75e7cb8ee5},
 year = {2021}
}

@article{89b6b18dc27a213b477557c60777e5f65a11053a,
 arxivid = {astro-ph/0206393},
 author = {V. Springel and Lars Hernquist Mpa and Harvard-CfA},
 corpusid = {15488600},
 day = {22},
 doi = {10.1046/j.1365-8711.2003.06206.x},
 journal = {Monthly Notices of the Royal Astronomical Society},
 mag = {2949352451},
 month = {6},
 pages = {289-311},
 title = {{Cosmological smoothed particle hydrodynamics simulations: a hybrid multiphase model for star formation}},
 url = {https://www.semanticscholar.org/paper/89b6b18dc27a213b477557c60777e5f65a11053a},
 volume = {339},
 year = {2002}
}

@article{8b3aa99580600f7dfd3a49ada0244dc33e5f9d7e,
 arxivid = {1909.09169},
 author = {Y. Faerman and A. Sternberg and C. McKee},
 booktitle = {Astrophysical Journal},
 corpusid = {202712643},
 day = {19},
 doi = {10.3847/1538-4357/ab7ffc},
 journal = {The Astrophysical Journal},
 mag = {3106034438},
 month = {9},
 title = {{Massive Warm/Hot Galaxy Coronae. II. Isentropic Model}},
 url = {https://www.semanticscholar.org/paper/8b3aa99580600f7dfd3a49ada0244dc33e5f9d7e},
 volume = {893},
 year = {2019}
}

@article{8d064f004e9cafc6578036e938a48eb85871f2b6,
 arxivid = {1205.5807},
 author = {B. Moster and T. Naab and S. White},
 corpusid = {18410926},
 day = {25},
 doi = {10.1093/mnras/sts261},
 journal = {Monthly Notices of the Royal Astronomical Society},
 mag = {2158622701},
 month = {5},
 pages = {3121-3138},
 title = {{Galactic star formation and accretion histories from matching galaxies to dark matter haloes}},
 url = {https://www.semanticscholar.org/paper/8d064f004e9cafc6578036e938a48eb85871f2b6},
 volume = {428},
 year = {2012}
}

@article{8eccb9679246c7483c0cc87329cd82d42340c87c,
 arxivid = {1602.02564},
 author = {S. Quiret and C. P'eroux and T. Zafar and V. Kulkarni and E. Jenkins and B. Milliard and H. Rahmani and A. Popping and R. M. Sandhya and D. Turnshek and E. Monier},
 corpusid = {119187463},
 day = {8},
 doi = {10.1093/mnras/stw524},
 journal = {Monthly Notices of the Royal Astronomical Society},
 mag = {2259261862},
 month = {2},
 pages = {4074-4121},
 title = {{The ESO UVES advanced data products quasar sample – VI. Sub-damped Lyman α metallicity measurements and the circumgalactic medium}},
 url = {https://www.semanticscholar.org/paper/8eccb9679246c7483c0cc87329cd82d42340c87c},
 volume = {458},
 year = {2016}
}

@article{8f83c3f86273151bb09c592c48ba88f71178cf98,
 arxivid = {2004.07846},
 author = {D. DeFelippis and S. Genel and G. Bryan and D. Nelson and A. Pillepich and L. Hernquist},
 booktitle = {Astrophysical Journal},
 corpusid = {215814478},
 day = {16},
 doi = {10.3847/1538-4357/ab8a4a},
 journal = {The Astrophysical Journal},
 mag = {3017122634},
 month = {4},
 title = {{The Angular Momentum of the Circumgalactic Medium in the TNG100 Simulation}},
 url = {https://www.semanticscholar.org/paper/8f83c3f86273151bb09c592c48ba88f71178cf98},
 volume = {895},
 year = {2020}
}

@article{90314dca555598c90c20a600fcb0635c5d1635d6,
 arxivid = {1811.04976},
 author = {G. Voit},
 booktitle = {Astrophysical Journal},
 corpusid = {119212745},
 day = {12},
 doi = {10.3847/1538-4357/ab2bfd},
 journal = {The Astrophysical Journal},
 mag = {2966321252},
 month = {11},
 title = {{Ambient Column Densities of Highly Ionized Oxygen in Precipitation-limited Circumgalactic Media}},
 url = {https://www.semanticscholar.org/paper/90314dca555598c90c20a600fcb0635c5d1635d6},
 volume = {880},
 year = {2018}
}

@article{9123d5acbc64d459c388839353a6e1d36cbc3d0b,
 arxivid = {1811.10654},
 author = {Christopher B. Wotta and N. Lehner and J. Howk and J. O’Meara and B. Oppenheimer and K. Cooksey},
 booktitle = {Astrophysical Journal},
 corpusid = {119516942},
 day = {26},
 doi = {10.3847/1538-4357/aafb74},
 journal = {The Astrophysical Journal},
 mag = {2903187154},
 month = {11},
 title = {{The COS CGM Compendium. II. Metallicities of the Partial and Lyman Limit Systems at z ≲ 1}},
 url = {https://www.semanticscholar.org/paper/9123d5acbc64d459c388839353a6e1d36cbc3d0b},
 volume = {872},
 year = {2018}
}

@article{9223c3394c83387402bf36c6b557572b4926e3b6,
 arxivid = {2010.10540},
 author = {P. Gatkine and S. Veilleux and D. Perley and J. Durbak and S. Dichiara and S. Cenko and E. Troja},
 booktitle = {Astrophysical Journal},
 corpusid = {224814516},
 day = {20},
 doi = {10.3847/1538-4357/ac408e},
 journal = {The Astrophysical Journal},
 mag = {3094039774},
 month = {10},
 title = {{The CGM–GRB Study. II. Outflow–Galaxy Connection at z ∼ 2–6}},
 url = {https://www.semanticscholar.org/paper/9223c3394c83387402bf36c6b557572b4926e3b6},
 volume = {926},
 year = {2020}
}

@article{93e5a9312c24109ba59074d05c17787aee2663f0,
 arxivid = {2001.03498},
 author = {K. Finlator and C. Doughty and Z. Cai and G. D'iaz},
 booktitle = {Monthly notices of the Royal Astronomical Society},
 corpusid = {210156960},
 day = {10},
 doi = {10.1093/mnras/staa377},
 journal = {Monthly Notices of the Royal Astronomical Society},
 mag = {2999369157},
 month = {1},
 title = {{The faint host galaxies of C IV absorbers at z > 5}},
 url = {https://www.semanticscholar.org/paper/93e5a9312c24109ba59074d05c17787aee2663f0},
 year = {2020}
}

@article{9676873d22599c3adfa28f05e884b48166a65ba0,
 arxivid = {1711.04788},
 author = {T. K. Chan and D. Keres̆ and A. Wetzel and P. Hopkins and C. Faucher-Giguère and K. El-Badry and S. Garrison-Kimmel and M. Boylan-Kolchin},
 booktitle = {Monthly notices of the Royal Astronomical Society},
 corpusid = {56023161},
 day = {13},
 doi = {10.1093/mnras/sty1153},
 journal = {Monthly notices of the Royal Astronomical Society},
 mag = {2769096779},
 month = {11},
 pages = {          906-925        },
 pubmed = {30573924},
 title = {{The origin of ultra diffuse galaxies: stellar feedback and quenching.}},
 url = {https://www.semanticscholar.org/paper/9676873d22599c3adfa28f05e884b48166a65ba0},
 volume = {478 1},
 year = {2017}
}

@article{96e62da1ad6faee459496c717c36258693bcff03,
 arxivid = {2002.10468},
 author = {E. Schneider and E. Ostriker and B. Robertson and T. Thompson},
 booktitle = {Astrophysical Journal},
 corpusid = {211296542},
 day = {24},
 doi = {10.3847/1538-4357/ab8ae8},
 journal = {The Astrophysical Journal},
 mag = {3008947150},
 month = {2},
 title = {{The Physical Nature of Starburst-driven Galactic Outflows}},
 url = {https://www.semanticscholar.org/paper/96e62da1ad6faee459496c717c36258693bcff03},
 volume = {895},
 year = {2020}
}

@article{979dd6995490d0838bfa1a4cc11906bbaf23e129,
 arxivid = {2005.10262},
 author = {P. Mitchell and J. Schaye and R. Bower},
 booktitle = {Monthly notices of the Royal Astronomical Society},
 corpusid = {218763505},
 day = {20},
 doi = {10.1093/MNRAS/STAA2252},
 journal = {Monthly Notices of the Royal Astronomical Society},
 mag = {3027729898},
 month = {5},
 title = {{Galactic inflow and wind recycling rates in the eagle simulations}},
 url = {https://www.semanticscholar.org/paper/979dd6995490d0838bfa1a4cc11906bbaf23e129},
 year = {2020}
}

@article{97f3311e125b236fda71bd65689e7ba0e7d0ff1c,
 arxivid = {1011.0735},
 author = {Hsiao-Wen Chen and V. Wild and J. Tinker and Jean-Ren'e Gauthier and J. Helsby and S. Shectman and I. Thompson},
 corpusid = {118627576},
 day = {2},
 doi = {10.1088/2041-8205/724/2/L176},
 journal = {The Astrophysical Journal Letters},
 mag = {2063027921},
 month = {11},
 pages = {L176 - L182},
 title = {{WHAT DETERMINES THE INCIDENCE AND EXTENT OF Mg ii ABSORBING GAS AROUND GALAXIES?}},
 url = {https://www.semanticscholar.org/paper/97f3311e125b236fda71bd65689e7ba0e7d0ff1c},
 volume = {724},
 year = {2010}
}

@article{987c95261a565ebc6d02c4ef5c1a808593e51d75,
 arxivid = {1110.0462},
 author = {J. Green and C. Froning and S. Osterman and D. Ebbets and Sara H. Heap and C. Leitherer and J. Linsky and B. Savage and K. Sembach and J. Michael Shull and O. Siegmund and T. Snow and J. Spencer and S. Alan Stern and J. Stocke and B. Welsh and S. Béland and E. Burgh and C. Danforth and K. France and B. Keeney and J. McPhate and S. Penton and J. Andrews and K. Brownsberger and J. Morse and E. Wilkinson},
 booktitle = {Astronomical Telescopes + Instrumentation},
 corpusid = {51948538},
 day = {1},
 doi = {10.1088/0004-637X/744/1/60},
 journal = {The Astrophysical Journal},
 mag = {2602976977},
 month = {5},
 title = {{THE COSMIC ORIGINS SPECTROGRAPH}},
 url = {https://www.semanticscholar.org/paper/987c95261a565ebc6d02c4ef5c1a808593e51d75},
 volume = {744},
 year = {1999}
}

@article{992ae21c7df4697ac3d04e3f03aa2e2b741814fb,
 arxivid = {1405.4307},
 author = {J. Stocke and B. Keeney and C. Danforth and D. Syphers and H. Yamamoto and J. Shull and J. Green and C. Froning and B. Savage and B. Wakker and Tae-Sun Kim and E. Ryan-Weber and G. Kacprzak},
 corpusid = {55779368},
 day = {16},
 doi = {10.1088/0004-637X/791/2/128},
 journal = {The Astrophysical Journal},
 mag = {1979466404},
 month = {5},
 title = {{ABSORPTION-LINE DETECTIONS OF 105–106 K GAS IN SPIRAL-RICH GROUPS OF GALAXIES}},
 url = {https://www.semanticscholar.org/paper/992ae21c7df4697ac3d04e3f03aa2e2b741814fb},
 volume = {791},
 year = {2014}
}

@article{9abb5acb796d42dd28cc1ff54ddf537978d1345a,
 arxivid = {1403.0947},
 author = {J. Werk and J. Prochaska and J. Tumlinson and M. Peeples and T. Tripp and A. Fox and N. Lehner and C. Thom and J. O’Meara and A. B. Ford and R. Bordoloi and N. Katz and N. Tejos and B. Oppenheimer and R. Dav'e and D. Weinberg},
 corpusid = {56147363},
 day = {4},
 doi = {10.1088/0004-637X/792/1/8},
 journal = {The Astrophysical Journal},
 mag = {2120220598},
 month = {3},
 title = {{THE COS-HALOS SURVEY: PHYSICAL CONDITIONS AND BARYONIC MASS IN THE LOW-REDSHIFT CIRCUMGALACTIC MEDIUM}},
 url = {https://www.semanticscholar.org/paper/9abb5acb796d42dd28cc1ff54ddf537978d1345a},
 volume = {792},
 year = {2014}
}

@article{9b10fc8f1cbd80da722c4c259047668db8753932,
 arxivid = {1503.04199},
 author = {Sean D. Johnson and Hsiao-Wen Chen and J. Mulchaey},
 corpusid = {119116319},
 day = {13},
 doi = {10.1093/mnras/stv553},
 journal = {Monthly Notices of the Royal Astronomical Society},
 mag = {2166218487},
 month = {3},
 pages = {3263-3273},
 title = {{On the possible environmental effect in distributing heavy elements beyond individual gaseous haloes}},
 url = {https://www.semanticscholar.org/paper/9b10fc8f1cbd80da722c4c259047668db8753932},
 volume = {449},
 year = {2015}
}

@article{9caba668903808c7258ba99021688c722c34f256,
 arxivid = {1806.04143},
 author = {S. Garrison-Kimmel and P. Hopkins and A. Wetzel and J. Bullock and M. Boylan-Kolchin and D. Keres̆ and C. Faucher-Giguère and K. El-Badry and A. Lamberts and E. Quataert and R. Sanderson},
 booktitle = {Monthly notices of the Royal Astronomical Society},
 corpusid = {108283625},
 day = {11},
 doi = {10.1093/mnras/stz1317},
 journal = {Monthly Notices of the Royal Astronomical Society},
 mag = {2808702599},
 month = {6},
 title = {{The Local Group on FIRE: dwarf galaxy populations across a suite of hydrodynamic simulations}},
 url = {https://www.semanticscholar.org/paper/9caba668903808c7258ba99021688c722c34f256},
 year = {2018}
}

@article{a0914d9a88c32401ad3443156f38a680d2816fc3,
 arxivid = {1808.09973},
 author = {S. Roca-Fàbrega and A. Dekel and Y. Faerman and O. Gnat and C. Strawn and D. Ceverino and J. Primack and A. Macciò and A. Dutton and J. Prochaska and J. Stern},
 booktitle = {Monthly notices of the Royal Astronomical Society},
 corpusid = {119184702},
 day = {29},
 doi = {10.1093/mnras/stz063},
 journal = {Monthly Notices of the Royal Astronomical Society},
 mag = {2952473802},
 month = {8},
 title = {{CGM properties in VELA and NIHAO simulations; the OVI ionization mechanism: dependence on redshift, halo mass, and radius}},
 url = {https://www.semanticscholar.org/paper/a0914d9a88c32401ad3443156f38a680d2816fc3},
 year = {2018}
}

@article{a10301a89748ccee2c602f847cf02254c916ac3a,
 arxivid = {1104.3156},
 author = {R. Dav'e and K. Finlator and B. Oppenheimer},
 corpusid = {119192685},
 day = {15},
 doi = {10.1111/j.1365-2966.2011.19132.x},
 journal = {Monthly Notices of the Royal Astronomical Society},
 mag = {1855741887},
 month = {4},
 pages = {1354-1376},
 title = {{Galaxy Evolution in Cosmological Simulations with Outflows II: Metallicities and Gas Fractions}},
 url = {https://www.semanticscholar.org/paper/a10301a89748ccee2c602f847cf02254c916ac3a},
 volume = {416},
 year = {2011}
}

@article{a13c08f7958e6deeb9e9a2e42bd1d98f2912712d,
 arxivid = {1908.11367},
 author = {C. Garling and A. Peter and C. Kochanek and D. Sand and D. Crnojevi'c},
 booktitle = {Monthly notices of the Royal Astronomical Society},
 corpusid = {201667589},
 day = {29},
 doi = {10.1093/mnras/stz3526},
 journal = {Monthly Notices of the Royal Astronomical Society},
 mag = {2970127353},
 month = {8},
 title = {{The case for strangulation in low-mass hosts: DDO 113}},
 url = {https://www.semanticscholar.org/paper/a13c08f7958e6deeb9e9a2e42bd1d98f2912712d},
 year = {2019}
}

@article{a23f891bdc101bb587cd6d5c7202d0bd90db3c68,
 arxivid = {1310.2253},
 author = {M. Peeples and J. Werk and J. Tumlinson and B. Oppenheimer and J. Prochaska and N. Katz and D. Weinberg},
 corpusid = {118411044},
 day = {8},
 doi = {10.1088/0004-637X/786/1/54},
 journal = {The Astrophysical Journal},
 mag = {2082754341},
 month = {10},
 title = {{A BUDGET AND ACCOUNTING OF METALS AT z ∼ 0: RESULTS FROM THE COS-HALOS SURVEY}},
 url = {https://www.semanticscholar.org/paper/a23f891bdc101bb587cd6d5c7202d0bd90db3c68},
 volume = {786},
 year = {2013}
}

@article{a3219db28f858f09f076c62edaf21287399fec3c,
 arxivid = {1512.00461},
 author = {K. Barger and N. Lehner and J. Howk},
 corpusid = {119283984},
 day = {1},
 doi = {10.3847/0004-637X/817/2/91},
 journal = {The Astrophysical Journal},
 mag = {2189078973},
 month = {12},
 title = {{DOWN-THE-BARREL AND TRANSVERSE OBSERVATIONS OF THE LARGE MAGELLANIC CLOUD: EVIDENCE FOR A SYMMETRIC GALACTIC WIND ON THE NEAR AND FAR SIDES OF THE GALAXY}},
 url = {https://www.semanticscholar.org/paper/a3219db28f858f09f076c62edaf21287399fec3c},
 volume = {817},
 year = {2015}
}

@article{a34f504f4820f5f2a069a30bf9a0e476eddf1f4f,
 arxivid = {2009.10161},
 author = {T. Parsotan and R. Cochrane and C. Hayward and D. Anglés-Alcázar and R. Feldmann and C. Faucher-Giguère and S. Wellons and P. Hopkins},
 booktitle = {Monthly notices of the Royal Astronomical Society},
 corpusid = {221836488},
 day = {21},
 doi = {10.1093/MNRAS/STAA3765},
 journal = {Monthly Notices of the Royal Astronomical Society},
 mag = {3088837232},
 month = {9},
 title = {{Realistic mock observations of the sizes and stellar mass surface densities of massive galaxies in FIRE-2 zoom-in simulations}},
 url = {https://www.semanticscholar.org/paper/a34f504f4820f5f2a069a30bf9a0e476eddf1f4f},
 year = {2020}
}

@article{a3b317a662401d542ab4b2fa31cbe69979bfe216,
 arxivid = {1712.00016},
 author = {D. Nelson and G. Kauffmann and A. Pillepich and S. Genel and V. Springel and R. Pakmor and L. Hernquist and R. Weinberger and P. Torrey and M. Vogelsberger and F. Marinacci},
 corpusid = {55741501},
 day = {30},
 doi = {10.1093/mnras/sty656},
 journal = {Monthly Notices of the Royal Astronomical Society},
 mag = {2775126844},
 month = {11},
 pages = {450-479},
 title = {{The abundance, distribution, and physical nature of highly ionized oxygen O vi, O vii, and O viii in IllustrisTNG}},
 url = {https://www.semanticscholar.org/paper/a3b317a662401d542ab4b2fa31cbe69979bfe216},
 volume = {477},
 year = {2017}
}

@article{a3c4bf8324abed96aeafb2992d91690c2238d5b1,
 arxivid = {1503.06803},
 author = {S. Fillingham and M. Cooper and Coral Wheeler and S. Garrison-Kimmel and M. Boylan-Kolchin and J. Bullock},
 corpusid = {54888556},
 day = {23},
 doi = {10.1093/mnras/stv2058},
 journal = {Monthly Notices of the Royal Astronomical Society},
 mag = {2213773773},
 month = {3},
 pages = {2039-2049},
 title = {{Taking care of business in a flash : constraining the time-scale for low-mass satellite quenching with ELVIS}},
 url = {https://www.semanticscholar.org/paper/a3c4bf8324abed96aeafb2992d91690c2238d5b1},
 volume = {454},
 year = {2015}
}

@article{a403d72434ef8b1c9d2292b8ca463a189355c0b8,
 arxivid = {1906.07737},
 author = {J. Stern and D. Fielding and C. Faucher-Giguère and E. Quataert},
 booktitle = {Monthly notices of the Royal Astronomical Society},
 corpusid = {195068900},
 day = {18},
 doi = {10.1093/mnras/stz1859},
 journal = {Monthly Notices of the Royal Astronomical Society},
 mag = {2959529291},
 month = {6},
 title = {{Cooling flow solutions for the circumgalactic medium}},
 url = {https://www.semanticscholar.org/paper/a403d72434ef8b1c9d2292b8ca463a189355c0b8},
 year = {2019}
}

@article{a4a90453224c90db0589882df513cbce207725e3,
 arxivid = {0808.0553},
 author = {A. Dekel and Y. Birnboim and G. Engel and J. Freundlich and T. Goerdt and M. Mumcuoglu and E. Neistein and C. Pichon and R. Teyssier and E. Zinger},
 booktitle = {Nature},
 corpusid = {4347823},
 day = {5},
 doi = {10.1038/nature07648},
 journal = {Nature},
 mag = {2032317739},
 month = {8},
 pages = {451-454},
 pubmed = {19158792},
 title = {{Cold streams in early massive hot haloes as the main mode of galaxy formation}},
 url = {https://www.semanticscholar.org/paper/a4a90453224c90db0589882df513cbce207725e3},
 volume = {457},
 year = {2008}
}

@article{a7634d4a63b3c02f10591013ad6ffa8453fdce2f,
 arxivid = {1212.5658},
 author = {B. Keeney and J. Stocke and C. Danforth and J. Shull and Cameron T. Pratt and C. Froning and J. Green and S. Penton and B. Savage},
 corpusid = {119109520},
 day = {22},
 doi = {10.1088/0004-637X/763/2/148},
 journal = {The Astrophysical Journal Supplement Series},
 mag = {1979958629},
 month = {12},
 title = {{Characterizing the Circumgalactic Medium of Nearby Galaxies with HST/COS and HST/STIS Absorption-line Spectroscopy. II. Methods and Models}},
 url = {https://www.semanticscholar.org/paper/a7634d4a63b3c02f10591013ad6ffa8453fdce2f},
 volume = {230},
 year = {2012}
}

@article{a78e7e8b96ffe4b69151d6567a818a1ccbab8d98,
 arxivid = {1606.08542},
 author = {Kyle R. Stewart and A. Maller and J. Oñorbe and J. Bullock and M. R. Joung and J. Devriendt and D. Ceverino and D. Keres̆ and P. Hopkins and C. Faucher-Giguère},
 corpusid = {56348124},
 day = {28},
 doi = {10.3847/1538-4357/aa6dff},
 journal = {The Astrophysical Journal},
 mag = {3103081629},
 month = {6},
 title = {{High Angular Momentum Halo Gas: A Feedback and Code-independent Prediction of LCDM}},
 url = {https://www.semanticscholar.org/paper/a78e7e8b96ffe4b69151d6567a818a1ccbab8d98},
 volume = {843},
 year = {2016}
}

@article{a7c9320b344d6642a3d3a50d1497f1b68f4fce32,
 arxivid = {2006.16316},
 author = {D. Fielding and S. Tonnesen and D. DeFelippis and Miao Li and Kung-Yi Su and G. Bryan and Chang-Goo Kim and John C. Forbes and R. Somerville and N. Battaglia and E. Schneider and Yuan Li and E. Choi and C. Hayward and L. Hernquist},
 booktitle = {Astrophysical Journal},
 corpusid = {220265796},
 day = {29},
 doi = {10.3847/1538-4357/abbc6d},
 journal = {The Astrophysical Journal},
 mag = {3094753305},
 month = {6},
 title = {{First Results from SMAUG: Uncovering the Origin of the Multiphase Circumgalactic Medium with a Comparative Analysis of Idealized and Cosmological Simulations}},
 url = {https://www.semanticscholar.org/paper/a7c9320b344d6642a3d3a50d1497f1b68f4fce32},
 volume = {903},
 year = {2020}
}

@article{a86cdf7fe2d9b9ee20e0aa27d243117df169a4a2,
 arxivid = {1801.00788},
 author = {B. Oppenheimer},
 booktitle = {Monthly notices of the Royal Astronomical Society},
 corpusid = {54798694},
 day = {2},
 doi = {10.1093/mnras/sty1918},
 journal = {Monthly Notices of the Royal Astronomical Society},
 mag = {2782426885},
 month = {1},
 title = {{Deviations from hydrostatic equilibrium in the circumgalactic medium: spinning hot haloes and accelerating flows}},
 url = {https://www.semanticscholar.org/paper/a86cdf7fe2d9b9ee20e0aa27d243117df169a4a2},
 year = {2018}
}

@article{a925de394b6adef7d9c22085e938432d4c829119,
 arxivid = {1610.08523},
 author = {D. Angl'es-Alc'azar and C. Faucher-Giguère and D. Kerevs and P. Hopkins and E. Quataert and N. Murray},
 corpusid = {55301372},
 day = {26},
 doi = {10.1093/mnras/stx1517},
 journal = {Monthly Notices of the Royal Astronomical Society},
 mag = {2539770846},
 month = {10},
 pages = {4698-4719},
 title = {{The cosmic baryon cycle and galaxy mass assembly in the FIRE simulations}},
 url = {https://www.semanticscholar.org/paper/a925de394b6adef7d9c22085e938432d4c829119},
 volume = {470},
 year = {2016}
}

@article{a977885b017e5b32b9912dafe91060eda8b71197,
 author = {A. Fox and R. Davé},
 corpusid = {125909389},
 day = {23},
 doi = {10.1007/978-3-319-52512-9},
 mag = {2603221561},
 month = {3},
 title = {{Gas Accretion onto Galaxies}},
 url = {https://www.semanticscholar.org/paper/a977885b017e5b32b9912dafe91060eda8b71197},
 volume = {430},
 year = {2017}
}

@article{a9f1e2ec75b2e255d38c231774730877110753b2,
 arxivid = {1809.05115},
 author = {F. Zahedy and Hsiao-Wen Chen and Sean D. Johnson and R. Pierce and M. Rauch and Yun-Hsin Huang and B. Weiner and Jean-Ren'e Gauthier},
 booktitle = {Monthly notices of the Royal Astronomical Society},
 corpusid = {119449169},
 day = {13},
 doi = {10.1093/mnras/sty3482},
 journal = {Monthly Notices of the Royal Astronomical Society},
 mag = {2890363482},
 month = {9},
 title = {{Characterizing circumgalactic gas around massive ellipticals atz∼ 0.4 – II. Physical properties and elemental abundances}},
 url = {https://www.semanticscholar.org/paper/a9f1e2ec75b2e255d38c231774730877110753b2},
 year = {2018}
}

@article{aa1e660e0de259aa0806cb9ee707d51e4ea4ab1d,
 arxivid = {1606.06734},
 author = {D. Fielding and E. Quataert and Michael McCourt and T. Thompson},
 corpusid = {118690211},
 day = {21},
 doi = {10.1093/mnras/stw3326},
 journal = {Monthly Notices of the Royal Astronomical Society},
 mag = {2462347146},
 month = {6},
 pages = {3810-3826},
 title = {{The impact of star formation feedback on the circumgalactic medium}},
 url = {https://www.semanticscholar.org/paper/aa1e660e0de259aa0806cb9ee707d51e4ea4ab1d},
 volume = {466},
 year = {2016}
}

@article{ab875d347242522d0a6607929caa675726d734eb,
 arxivid = {1910.13458},
 author = {E. Lofthouse and M. Fumagalli and M. Fossati and J. O’Meara and M. Murphy and L. Christensen and J. Prochaska and S. Cantalupo and R. Bielby and R. Cooke and E. Lusso and S. Morris},
 booktitle = {Monthly notices of the Royal Astronomical Society},
 corpusid = {204961107},
 day = {29},
 doi = {10.1093/mnras/stz3066},
 journal = {Monthly Notices of the Royal Astronomical Society},
 mag = {2982466785},
 month = {10},
 title = {{MUSE Analysis of Gas around Galaxies (MAGG) – I: Survey design and the environment of a near pristine gas cloud at z ≈ 3.5}},
 url = {https://www.semanticscholar.org/paper/ab875d347242522d0a6607929caa675726d734eb},
 year = {2019}
}

@article{abcacba645152530b080db0fda434a5664936df6,
 arxivid = {0909.0948},
 author = {N. Grevesse and M. Asplund and A. Sauval and P. Scott},
 corpusid = {17921922},
 day = {1},
 doi = {10.1146/annurev.astro.46.060407.145222},
 journal = {Astrophysics and Space Science},
 mag = {2899497983},
 month = {9},
 pages = {179-183},
 title = {{The chemical composition of the Sun}},
 url = {https://www.semanticscholar.org/paper/abcacba645152530b080db0fda434a5664936df6},
 volume = {328},
 year = {2009}
}

@article{abfeb8b13061227c0a4a2de7282e02c2b6b9973f,
 author = {E. Carrasco and A. Gil de Paz and J. Gallego and J. Iglesias-Páramo and R. Cedazo and M. G. García Vargas and X. Arrillaga and J. Avilés and A. Bouquin and J. Carbajo and N. Cardiel and M. Carrera and Á. Castillo Morales and E. Castillo-Dominguez and S. Esteban San Román and D. Ferrusca and P. Gómez-Alvarez and R. Izazaga-Pérez and B. Lefort and J. A. López Orozco and M. Maldonado and I. Martínez Delgado and I. Morales Durán and E. Mújica and R. Ortiz and G. Páez and S. Pascual and A. Pérez-Calpena and P. Picazo and A. Sánchez-Penim and E. Sánchez-Blanco and S. Tulloch and M. Velázquez and J. Vílchez and J. Zamorano and A. Aguerri and D. Barrado and E. Bertone and A. Cava and C. Catalán-Torrecilla and J. Cenarro and M. Chavez and B. T. Dullo and C. Eliche and Mi. García and J. García-Rojas and J. Guichard and R. González-Delgado and R. Guzmán and A. Herrero and N. Huelamo and D. Hughes and J. Jiménez-vicente and C. Kehrig and R. Marino and I. Márquez and J. Masegosa and D. Mayya and J. Méndez-Abreu and M. Mollá and C. Muñoz-Tuñón and M. Peimbert and P. Pérez-González and E. Pérez-Montero and S. Roca-Fàbrega and M. Rodríguez and J. Rodríguez-Espinosa and L. Rodríguez-Merino and L. Rodríguez-Muñoz and D. Rosa-González and J. Sanchez-Almeida and C. Sánchez Contreras and P. Sánchez-Blázquez and S. Sanchez and A. Sarajedini and S. Silich and S. Simón-Díaz and G. Tenorio-Tagle and E. Terlevich and R. Terlevich and S. Torres-Peimbert and I. Trujillo and Y. Tsamis and O. Vega},
 booktitle = {Astronomical Telescopes + Instrumentation},
 corpusid = {125308614},
 day = {6},
 doi = {10.1117/12.2313040},
 mag = {2866692686},
 month = {7},
 title = {{MEGARA, the R=6000-20000 IFU and MOS of GTC}},
 url = {https://www.semanticscholar.org/paper/abfeb8b13061227c0a4a2de7282e02c2b6b9973f},
 volume = {10702},
 year = {2018}
}

@article{ad77ac1c4f556fdb4dce87fc2550b48741a61066,
 arxivid = {2203.01356},
 author = {U. Chadayammuri and Á. Bogdán and B. Oppenheimer and R. Kraft and W. Forman and C. Jones},
 booktitle = {Astrophysical Journal Letters},
 corpusid = {247222745},
 day = {2},
 doi = {10.3847/2041-8213/ac8936},
 journal = {The Astrophysical Journal Letters},
 month = {3},
 title = {{Testing Galaxy Feedback Models with Resolved X-Ray Profiles of the Hot Circumgalactic Medium}},
 url = {https://www.semanticscholar.org/paper/ad77ac1c4f556fdb4dce87fc2550b48741a61066},
 volume = {936},
 year = {2022}
}

@article{ae3d01f69e27d5e5d0716fdd5b201c760870daf5,
 arxivid = {1511.05853},
 author = {E. D’Onghia and A. Fox},
 corpusid = {119174681},
 day = {18},
 doi = {10.1146/annurev-astro-081915-023251},
 journal = {Annual Review of Astronomy and Astrophysics},
 mag = {2174356895},
 month = {11},
 pages = {363-400},
 title = {{The Magellanic Stream: Circumnavigating the Galaxy}},
 url = {https://www.semanticscholar.org/paper/ae3d01f69e27d5e5d0716fdd5b201c760870daf5},
 volume = {54},
 year = {2015}
}

@article{af6a1c9da102e29fee5d309ec33831207e9f23e5,
 arxivid = {1803.05446},
 author = {J. Stern and C. Faucher-Giguère and J. Hennawi and Zachary Hafen and Sean D. Johnson and D. Fielding},
 booktitle = {Astrophysical Journal},
 corpusid = {54890218},
 day = {14},
 doi = {10.3847/1538-4357/aac884},
 journal = {The Astrophysical Journal},
 mag = {2951628950},
 month = {3},
 title = {{Does Circumgalactic O vi Trace Low-pressure Gas Beyond the Accretion Shock? Clues from H i and Low-ion Absorption, Line Kinematics, and Dust Extinction}},
 url = {https://www.semanticscholar.org/paper/af6a1c9da102e29fee5d309ec33831207e9f23e5},
 volume = {865},
 year = {2018}
}

@article{af8f4a46aabd63b5b6041a048367ec8f4bd3b959,
 arxivid = {1703.03806},
 author = {D. DeFelippis and S. Genel and G. Bryan and S. M. Fall},
 corpusid = {119024694},
 day = {10},
 doi = {10.3847/1538-4357/aa6dfc},
 journal = {The Astrophysical Journal},
 mag = {2612758206},
 month = {3},
 title = {{The Impact of Galactic Winds on the Angular Momentum of Disk Galaxies in the Illustris Simulation}},
 url = {https://www.semanticscholar.org/paper/af8f4a46aabd63b5b6041a048367ec8f4bd3b959},
 volume = {841},
 year = {2017}
}

@article{afc158362389d51f2aa6eb4e9410e2a8638c8a53,
 arxivid = {1403.2409},
 author = {Wenting Wang and L. Sales and B. Henriques and S. C. M. F. Astrophysik and S. Observatory and Institute for Computational Cosmology and the University of Durham and H. C. F. Astrophysics},
 corpusid = {53315544},
 day = {10},
 doi = {10.1093/mnras/stu988},
 journal = {Monthly Notices of the Royal Astronomical Society},
 mag = {2143830549},
 month = {3},
 pages = {1363-1378},
 title = {{Satellite abundances around bright isolated galaxies – II. Radial distribution and environmental effects}},
 url = {https://www.semanticscholar.org/paper/afc158362389d51f2aa6eb4e9410e2a8638c8a53},
 volume = {442},
 year = {2014}
}

@article{b0bf627057c420d41af07c6671b461d35554e371,
 arxivid = {1303.6959},
 author = {D. Angl'es-Alc'azar and R. Dav'e and F. Özel and B. Oppenheimer},
 corpusid = {119163736},
 day = {27},
 doi = {10.1088/0004-637X/782/2/84},
 journal = {The Astrophysical Journal},
 mag = {2026281312},
 month = {3},
 title = {{COSMOLOGICAL ZOOM SIMULATIONS OF z = 2 GALAXIES: THE IMPACT OF GALACTIC OUTFLOWS}},
 url = {https://www.semanticscholar.org/paper/b0bf627057c420d41af07c6671b461d35554e371},
 volume = {782},
 year = {2013}
}

@article{b0f2ffbe8bb02d91be6e10a4864602bb372a71d6,
 arxivid = {1612.00448},
 author = {C. Faucher-Giguère},
 corpusid = {119209695},
 day = {1},
 doi = {10.1007/978-3-319-52512-9_12},
 journal = {arXiv: Astrophysics of Galaxies},
 mag = {3106225091},
 month = {12},
 title = {{Observational Diagnostics of Gas Flows: Insights from Cosmological Simulations}},
 url = {https://www.semanticscholar.org/paper/b0f2ffbe8bb02d91be6e10a4864602bb372a71d6},
 year = {2016}
}

@article{b14c8bd2dbc9eaa1f22afa6e0d5c89cfac68b15a,
 arxivid = {2108.05355},
 author = {D. Fielding and G. Bryan},
 booktitle = {Astrophysical Journal},
 corpusid = {236987019},
 day = {11},
 doi = {10.3847/1538-4357/ac2f41},
 journal = {The Astrophysical Journal},
 month = {8},
 title = {{The Structure of Multiphase Galactic Winds}},
 url = {https://www.semanticscholar.org/paper/b14c8bd2dbc9eaa1f22afa6e0d5c89cfac68b15a},
 volume = {924},
 year = {2021}
}

@article{b1abd4b96484d34341c807fa5c88b399c439ef50,
 arxivid = {1202.6055},
 author = {G. Rudie and C. Steidel and R. Trainor and Olivera Rakic and M. Bogosavljević and M. Pettini and N. Reddy and A. Shapley and D. Erb and D. Law},
 corpusid = {38224080},
 day = {27},
 doi = {10.1088/0004-637X/750/1/67},
 journal = {The Astrophysical Journal},
 mag = {2159484218},
 month = {2},
 title = {{THE GASEOUS ENVIRONMENT OF HIGH-z GALAXIES: PRECISION MEASUREMENTS OF NEUTRAL HYDROGEN IN THE CIRCUMGALACTIC MEDIUM OF z ∼ 2–3 GALAXIES IN THE KECK BARYONIC STRUCTURE SURVEY}},
 url = {https://www.semanticscholar.org/paper/b1abd4b96484d34341c807fa5c88b399c439ef50},
 volume = {750},
 year = {2012}
}

@article{b2297695fdb59f7caa3cdbb3f8386997e22f91fa,
 arxivid = {1402.3602},
 author = {C. Liang and Hsiao-Wen Chen},
 corpusid = {119201045},
 day = {14},
 doi = {10.1093/mnras/stu1901},
 journal = {Monthly Notices of the Royal Astronomical Society},
 mag = {2002363039},
 month = {2},
 pages = {2061-2081},
 title = {{Mining circumgalactic baryons in the low-redshift universe}},
 url = {https://www.semanticscholar.org/paper/b2297695fdb59f7caa3cdbb3f8386997e22f91fa},
 volume = {445},
 year = {2014}
}

@article{b42c156ff0f6ad6e9922e60a8b9b1af8bf5dbf9f,
 arxivid = {0901.1880},
 author = {D. Kerevs and N. Katz and R. Davé and M. Fardal and David H. Weinberg HarvardCFA and Umass and U. Arizona and Ohio-State},
 corpusid = {4500254},
 day = {13},
 doi = {10.1111/j.1365-2966.2009.14924.x},
 journal = {Monthly Notices of the Royal Astronomical Society},
 mag = {2171097744},
 month = {1},
 pages = {2332-2344},
 title = {{Galaxies in a simulated ΛCDM universe – II. Observable properties and constraints on feedback}},
 url = {https://www.semanticscholar.org/paper/b42c156ff0f6ad6e9922e60a8b9b1af8bf5dbf9f},
 volume = {396},
 year = {2009}
}

@article{b4c42b6018c777f36627b52cd5e36586d457e962,
 arxivid = {astro-ph/0508390},
 author = {T. Connors and D. Kawata and B. Gibson},
 corpusid = {15563258},
 day = {18},
 doi = {10.1111/j.1365-2966.2006.10659.x},
 journal = {Monthly Notices of the Royal Astronomical Society},
 mag = {2951618217},
 month = {8},
 pages = {108-120},
 title = {{N-body simulations of the Magellanic stream}},
 url = {https://www.semanticscholar.org/paper/b4c42b6018c777f36627b52cd5e36586d457e962},
 volume = {371},
 year = {2005}
}

@article{b77b859ea7fec4a8cf0ce088059ecb37e93b5285,
 author = {A. Titov and A. Khoperskov and S. Khrapov},
 booktitle = {Journal of Physics: Conference Series},
 corpusid = {245140370},
 day = {1},
 doi = {10.1088/1742-6596/2103/1/012041},
 journal = {Journal of Physics: Conference Series},
 month = {11},
 title = {{Major merging of galaxies in multicomponent numerical models: mass loss and exchange}},
 url = {https://www.semanticscholar.org/paper/b77b859ea7fec4a8cf0ce088059ecb37e93b5285},
 volume = {2103},
 year = {2021}
}

@article{b7e4550f6e41503a8cb9eb510580d9b3c0eca8ac,
 arxivid = {2106.04608},
 author = {F. Zahedy and Hsiao-Wen Chen and T. M. Cooper and E. Boettcher and Sean D. Johnson and G. Rudie and Mandy C. Chen and S. Cantalupo and K. Cooksey and C. Faucher-Giguère and J. Greene and S. López and J. Mulchaey and S. Penton and P. Petitjean and M. Putman and M. Rafelski and M. Rauch and J. Schaye and R. Simcoe and G. Walth},
 corpusid = {235377395},
 day = {8},
 doi = {10.1093/mnras/stab1661},
 month = {6},
 title = {{The cosmic ultraviolet baryon survey (CUBS) – III. Physical properties and elemental abundances of Lyman-limit systems at z < 1}},
 url = {https://www.semanticscholar.org/paper/b7e4550f6e41503a8cb9eb510580d9b3c0eca8ac},
 year = {2021}
}

@article{b9ba7fcf1eceb2e2380ebe6ddbff6f276d0676a5,
 arxivid = {2108.12122},
 author = {M. Bhardwaj and A. Kirichenko and D. Michilli and Y. Mayya and V. Kaspi and B. Gaensler and M. Rahman and S. Tendulkar and E. Fonseca and A. Josephy and C. Leung and M. Merryfield and E. Petroff and Z. Pleunis and P. Sanghavi and P. Scholz and K. Shin and Kendrick M. Smith and I. Stairs},
 booktitle = {Astrophysical Journal Letters},
 corpusid = {237347063},
 day = {27},
 doi = {10.3847/2041-8213/ac223b},
 journal = {The Astrophysical Journal Letters},
 month = {8},
 title = {{A Local Universe Host for the Repeating Fast Radio Burst FRB 20181030A}},
 url = {https://www.semanticscholar.org/paper/b9ba7fcf1eceb2e2380ebe6ddbff6f276d0676a5},
 volume = {919},
 year = {2021}
}

@article{bcadc33db4acd4f7b77060cc606a00e8a51661db,
 arxivid = {astro-ph/0504435},
 author = {S. Veilleux and G. Cecil and J. Bland-Hawthorn},
 corpusid = {119355371},
 day = {20},
 doi = {10.1146/annurev.astro.43.072103.150610},
 month = {4},
 title = {{Galactic Winds}},
 url = {https://www.semanticscholar.org/paper/bcadc33db4acd4f7b77060cc606a00e8a51661db},
 year = {2005}
}

@article{bd0500db5c57b19437c37ee4b9b8f62b9b08fdec,
 arxivid = {1301.3143},
 author = {Kyle R. Stewart and A. Brooks and J. Bullock and A. Maller and J. Diemand and J. Wadsley and L. Moustakas},
 corpusid = {119223227},
 day = {14},
 doi = {10.1088/0004-637X/769/1/74},
 journal = {The Astrophysical Journal},
 mag = {1971972937},
 month = {1},
 title = {{ANGULAR MOMENTUM ACQUISITION IN GALAXY HALOS}},
 url = {https://www.semanticscholar.org/paper/bd0500db5c57b19437c37ee4b9b8f62b9b08fdec},
 volume = {769},
 year = {2013}
}

@article{bdf2ef4113db7c7c19e883c816dc98880abbe52f,
 arxivid = {0810.2794},
 author = {T. Kimm and R. Somerville and S. Yi and F. V. D. Bosch and S. Salim and F. Fontanot and P. Monaco and H. Mo and A. Pasquali and R. Rich and Xiaohu Yang},
 corpusid = {18733728},
 day = {15},
 doi = {10.1111/j.1365-2966.2009.14414.x},
 journal = {Monthly Notices of the Royal Astronomical Society},
 mag = {2132150440},
 month = {10},
 pages = {1131-1147},
 title = {{The correlation of star formation quenching with internal galaxy properties and environment}},
 url = {https://www.semanticscholar.org/paper/bdf2ef4113db7c7c19e883c816dc98880abbe52f},
 volume = {394},
 year = {2008}
}

@article{be0608410502d37683665ef7a89d22f91fc95e8b,
 arxivid = {2204.08099},
 author = {M. Donahue and G. Voit},
 booktitle = {Physics reports},
 corpusid = {248227668},
 day = {17},
 doi = {10.1016/j.physrep.2022.04.005},
 journal = {Physics Reports},
 month = {4},
 title = {{Baryon cycles in the biggest galaxies}},
 url = {https://www.semanticscholar.org/paper/be0608410502d37683665ef7a89d22f91fc95e8b},
 year = {2022}
}

@article{c0e69a76954b53823bfa9409dc070e6898b7019b,
 arxivid = {1806.02417},
 author = {N. Goldbaum and J. ZuHone and M. Turk and K. Kowalik and A. Rosen},
 booktitle = {Journal of Open Source Software},
 corpusid = {53240211},
 day = {6},
 dblp = {journals/jossw/GoldbaumZTKR18},
 doi = {10.21105/joss.00809},
 journal = {J. Open Source Softw.},
 mag = {2949130430},
 month = {6},
 pages = {809},
 title = {{unyt: Handle, manipulate, and convert data with units in Python}},
 url = {https://www.semanticscholar.org/paper/c0e69a76954b53823bfa9409dc070e6898b7019b},
 volume = {3},
 year = {2018}
}

@article{c2badc12527b9b03a987f90347bc5b5bcbf33510,
 arxivid = {1709.09180},
 author = {J. Tumlinson and M. Peeples and J. Werk},
 corpusid = {119424828},
 day = {18},
 doi = {10.1146/annurev-astro-091916-055240},
 journal = {Annual Review of Astronomy and Astrophysics},
 mag = {2561281082},
 month = {8},
 pages = {389-432},
 title = {{The Circumgalactic Medium}},
 url = {https://www.semanticscholar.org/paper/c2badc12527b9b03a987f90347bc5b5bcbf33510},
 volume = {55},
 year = {2017}
}

@article{c2f66356516e2eb2b2a8826b0c55dbae78d6fa8c,
 arxivid = {1501.03155},
 author = {A. Muratov and D. Keres̆ and C. Faucher-Giguère and P. Hopkins and E. Quataert and N. Murray},
 corpusid = {910263},
 day = {13},
 doi = {10.1093/mnras/stv2126},
 journal = {Monthly Notices of the Royal Astronomical Society},
 mag = {1488192889},
 month = {1},
 pages = {2691-2713},
 title = {{Gusty, gaseous flows of FIRE: Galactic winds in cosmological simulations with explicit stellar feedback}},
 url = {https://www.semanticscholar.org/paper/c2f66356516e2eb2b2a8826b0c55dbae78d6fa8c},
 volume = {454},
 year = {2015}
}

@article{c4ee243276dcac0cf56064b922c9f2e2e8b0bec6,
 arxivid = {1903.10515},
 author = {S. Garrison-Kimmel and A. Wetzel and P. Hopkins and R. Sanderson and K. El-Badry and A. Graus and T. K. Chan and R. Feldmann and M. Boylan-Kolchin and C. Hayward and J. Bullock and Alex Fitts and J. Samuel and Coral Wheeler and D. Keres̆ and C. Faucher-Giguère},
 booktitle = {Monthly notices of the Royal Astronomical Society},
 corpusid = {85517603},
 day = {25},
 doi = {10.1093/mnras/stz2507},
 journal = {Monthly Notices of the Royal Astronomical Society},
 mag = {2972645167},
 month = {3},
 title = {{Star formation histories of dwarf galaxies in the FIRE simulations: dependence on mass and Local Group environment}},
 url = {https://www.semanticscholar.org/paper/c4ee243276dcac0cf56064b922c9f2e2e8b0bec6},
 year = {2019}
}

@article{c50ba917c6335d5351cc8330b79d073cb85ca99d,
 arxivid = {1909.00003},
 author = {Suoqing Ji and T. K. Chan and C. Hummels and P. Hopkins and J. Stern and D. Keres̆ and E. Quataert and C. Faucher-Giguère and N. Murray},
 corpusid = {202540370},
 day = {30},
 doi = {10.1093/mnras/staa1849},
 journal = {arXiv: Astrophysics of Galaxies},
 mag = {3037291232},
 month = {8},
 title = {{Properties of the circumgalactic medium in cosmic ray-dominated galaxy haloes}},
 url = {https://www.semanticscholar.org/paper/c50ba917c6335d5351cc8330b79d073cb85ca99d},
 year = {2019}
}

@article{c62b0a791c78d3dd4c956d12400ac20ce1892a59,
 arxivid = {1205.0245},
 author = {G. Kacprzak and C. Churchill and N. Nielsen},
 corpusid = {118610635},
 day = {1},
 doi = {10.1088/2041-8205/760/1/L7},
 journal = {The Astrophysical Journal Letters},
 mag = {3100938070},
 month = {5},
 title = {{TRACING OUTFLOWS AND ACCRETION: A BIMODAL AZIMUTHAL DEPENDENCE OF Mg ii ABSORPTION}},
 url = {https://www.semanticscholar.org/paper/c62b0a791c78d3dd4c956d12400ac20ce1892a59},
 volume = {760},
 year = {2012}
}

@article{c6a7b6f56f0613fab76b430dc7cfa98b1e940895,
 arxivid = {1609.06308},
 author = {S. Borthakur and T. Heckman and J. Tumlinson and R. Bordoloi and G. Kauffmann and B. Catinella and D. Schiminovich and R. Davé and S. Moran and A. Saintonge},
 corpusid = {119121008},
 day = {20},
 doi = {10.3847/1538-4357/833/2/259},
 journal = {The Astrophysical Journal},
 mag = {3101366992},
 month = {9},
 title = {{THE PROPERTIES OF THE CIRCUMGALACTIC MEDIUM IN RED AND BLUE GALAXIES: RESULTS FROM THE COS-GASS+COS-HALOS SURVEYS}},
 url = {https://www.semanticscholar.org/paper/c6a7b6f56f0613fab76b430dc7cfa98b1e940895},
 volume = {833},
 year = {2016}
}

@article{c6adcaad4af104fabc258768a4cc729e7a257916,
 arxivid = {1111.2334},
 author = {M. Fumagalli and J. O’Meara and J. Prochaska},
 booktitle = {Science},
 corpusid = {2434386},
 day = {9},
 doi = {10.1126/science.1213581},
 journal = {Science},
 mag = {2084681661},
 month = {11},
 pages = {1245 - 1249},
 pubmed = {22075722},
 title = {{Detection of Pristine Gas Two Billion Years After the Big Bang}},
 url = {https://www.semanticscholar.org/paper/c6adcaad4af104fabc258768a4cc729e7a257916},
 volume = {334},
 year = {2011}
}

@article{c70b4852bfbd30c37b91a0be690700a6e5fc8d85,
 arxivid = {1909.07402},
 author = {J. Stern and D. Fielding and C. Faucher-Giguère and E. Quataert},
 booktitle = {Monthly notices of the Royal Astronomical Society},
 corpusid = {202583647},
 day = {16},
 doi = {10.1093/mnras/staa198},
 journal = {Monthly Notices of the Royal Astronomical Society},
 mag = {3133207065},
 month = {9},
 title = {{The maximum accretion rate of hot gas in dark matter haloes}},
 url = {https://www.semanticscholar.org/paper/c70b4852bfbd30c37b91a0be690700a6e5fc8d85},
 year = {2019}
}

@article{c83d59afdd2e3b9896103da47a704be48e5173fc,
 arxivid = {2107.02182},
 author = {Y. Faerman and V. Pandya and R. Somerville and A. Sternberg},
 booktitle = {Astrophysical Journal},
 corpusid = {235743118},
 day = {5},
 doi = {10.3847/1538-4357/ac4ca6},
 journal = {The Astrophysical Journal},
 month = {7},
 title = {{Exploring the Milky Way Circumgalactic Medium in a Cosmological Context with a Semianalytic Model}},
 url = {https://www.semanticscholar.org/paper/c83d59afdd2e3b9896103da47a704be48e5173fc},
 volume = {928},
 year = {2021}
}

@article{c984ff331f0275796b3fddaf769e1d1ae34503ea,
 author = {S. Woosley and T. Weaver},
 corpusid = {121081826},
 day = {30},
 doi = {10.1086/192237},
 journal = {Astrophysical Journal Supplement Series},
 mag = {2047798125},
 month = {8},
 pages = {181-235},
 title = {{The Evolution and Explosion of Massive Stars. II. Explosive Hydrodynamics and Nucleosynthesis}},
 url = {https://www.semanticscholar.org/paper/c984ff331f0275796b3fddaf769e1d1ae34503ea},
 volume = {101},
 year = {1995}
}

@article{cc239503e602c532ce80698424fbce78ddb0d721,
 arxivid = {1710.06441},
 author = {Sean D. Johnson and Hsiao-Wen Chen and J. Mulchaey and J. Schaye and L. Straka},
 corpusid = {119469520},
 day = {17},
 doi = {10.3847/2041-8213/aa9370},
 journal = {The Astrophysical Journal Letters},
 mag = {3106257537},
 month = {10},
 title = {{The Extent of Chemically Enriched Gas around Star-forming Dwarf Galaxies}},
 url = {https://www.semanticscholar.org/paper/cc239503e602c532ce80698424fbce78ddb0d721},
 volume = {850},
 year = {2017}
}

@article{cc94cede2093b861529e1d0022e923a2de8caa86,
 arxivid = {1607.08616},
 author = {L. Corlies and D. Schiminovich},
 corpusid = {119226857},
 day = {28},
 doi = {10.3847/0004-637X/827/2/148},
 journal = {The Astrophysical Journal},
 mag = {2500461363},
 month = {7},
 title = {{EMPIRICALLY CONSTRAINED PREDICTIONS FOR METAL-LINE EMISSION FROM THE CIRCUMGALACTIC MEDIUM}},
 url = {https://www.semanticscholar.org/paper/cc94cede2093b861529e1d0022e923a2de8caa86},
 volume = {827},
 year = {2016}
}

@article{cd002bb55911331de9bca2533af4ffc3706dd9b1,
 arxivid = {1903.04831},
 author = {A. Fox and K. Barger and J. Bland-Hawthorn and D. Casetti-Dinescu and E. D’Onghia and F. Lockman and N. McClure–Griffiths and D. Nidever and M. Putman and P. Richter and S. Stanimirović and T. Tepper-García},
 corpusid = {119343118},
 day = {12},
 journal = {arXiv: Astrophysics of Galaxies},
 mag = {3009682027},
 month = {3},
 title = {{The Magellanic Stream as a Probe of Astrophysics}},
 url = {https://www.semanticscholar.org/paper/cd002bb55911331de9bca2533af4ffc3706dd9b1},
 year = {2019}
}

@article{cdf50e3048ce3497b7cf485e059a38b2c2a8baee,
 arxivid = {2206.09925},
 author = {C. Lochhaas and J. Tumlinson and M. Peeples and B. O’Shea and J. Werk and R. Simons and J. Juno and Claire Kopenhafer and R. Augustin and A. Wright and A. Acharyya and Britton D. Smith},
 booktitle = {Astrophysical Journal},
 corpusid = {249889139},
 day = {20},
 doi = {10.3847/1538-4357/acbb06},
 journal = {The Astrophysical Journal},
 month = {6},
 title = {{Figuring Out Gas & Galaxies in Enzo (FOGGIE). VI. The Circumgalactic Medium of L ∗ Galaxies Is Supported in an Emergent, Nonhydrostatic Equilibrium}},
 url = {https://www.semanticscholar.org/paper/cdf50e3048ce3497b7cf485e059a38b2c2a8baee},
 volume = {948},
 year = {2022}
}

@article{cef615b7d6bde47abbc552004838ac513bdcc5fb,
 arxivid = {1309.5951},
 author = {A. B. Ford and R. Dav'e and B. Oppenheimer and N. Katz and J. Kollmeier and Robert J. Thompson and D. Weinberg},
 corpusid = {62826853},
 day = {23},
 doi = {10.1093/mnras/stu1418},
 journal = {Monthly Notices of the Royal Astronomical Society},
 mag = {2080386153},
 month = {9},
 pages = {1260-1281},
 title = {{Tracing inflows and outflows with absorption lines in circumgalactic gas}},
 url = {https://www.semanticscholar.org/paper/cef615b7d6bde47abbc552004838ac513bdcc5fb},
 volume = {444},
 year = {2013}
}

@article{cf39e9df8ea405ff3625dce1429ac78ea1dd628d,
 arxivid = {1703.03422},
 author = {M. McQuinn and J. Werk},
 corpusid = {119063944},
 day = {9},
 doi = {10.3847/1538-4357/aa9d3f},
 journal = {The Astrophysical Journal},
 mag = {2597816985},
 month = {3},
 title = {{Implications of the Large O vi Columns around Low-redshift L∗ Galaxies}},
 url = {https://www.semanticscholar.org/paper/cf39e9df8ea405ff3625dce1429ac78ea1dd628d},
 volume = {852},
 year = {2017}
}

@article{cf73281be6a702979d1997938e96a558e14e770f,
 arxivid = {2106.11981},
 author = {Tomas Tamfal and L. Mayer and T. Quinn and A. Babul and P. Madau and Pedro R. Capelo and S. Shen and Marius Staub},
 booktitle = {Astrophysical Journal},
 corpusid = {235606000},
 day = {22},
 doi = {10.3847/1538-4357/ac558e},
 journal = {The Astrophysical Journal},
 month = {6},
 title = {{The Dawn of Disk Formation in a Milky Way-sized Galaxy Halo: Thin Stellar Disks at z > 4}},
 url = {https://www.semanticscholar.org/paper/cf73281be6a702979d1997938e96a558e14e770f},
 volume = {928},
 year = {2021}
}

@article{cfcbdb8b846aef903aa43b7a4581c30864d6760e,
 arxivid = {astro-ph/0506539},
 author = {A. Gallazzi and S. Charlot and J. Brinchmann and S. White and C. A. T. Mpa and iap and Universitade do Porto and S. Observatory},
 corpusid = {18375279},
 day = {22},
 doi = {10.1111/j.1365-2966.2005.09321.x},
 journal = {Monthly Notices of the Royal Astronomical Society},
 mag = {2117528654},
 month = {6},
 pages = {41-58},
 title = {{The ages and metallicities of galaxies in the local universe}},
 url = {https://www.semanticscholar.org/paper/cfcbdb8b846aef903aa43b7a4581c30864d6760e},
 volume = {362},
 year = {2005}
}

@article{cfe9f088ea690c30c0637ca67921a0eb5fbf27f2,
 arxivid = {2011.06071},
 author = {Hasti Nateghi and G. Kacprzak and N. Nielsen and S. Muzahid and C. Churchill and S. Pointon and J. Charlton},
 corpusid = {226307131},
 day = {11},
 doi = {10.1093/mnras/staa3534},
 journal = {Monthly Notices of the Royal Astronomical Society},
 mag = {3103860098},
 month = {11},
 pages = {3987-3998},
 title = {{Disentangling the multiphase circumgalactic medium shared between a dwarf and a massive star-forming galaxy at z∼0.4}},
 url = {https://www.semanticscholar.org/paper/cfe9f088ea690c30c0637ca67921a0eb5fbf27f2},
 volume = {500},
 year = {2020}
}

@article{d0c0593a56977c2721fb496c20e23dd9970e5d75,
 arxivid = {1511.01898},
 author = {M. Fumagalli and J. O’Meara and J. Prochaska},
 corpusid = {52968553},
 day = {5},
 doi = {10.1093/mnras/stv2616},
 journal = {Monthly Notices of the Royal Astronomical Society},
 mag = {2258614408},
 month = {11},
 pages = {4100-4121},
 title = {{The physical properties of z > 2 Lyman limit systems: new constraints for feedback and accretion models}},
 url = {https://www.semanticscholar.org/paper/d0c0593a56977c2721fb496c20e23dd9970e5d75},
 volume = {455},
 year = {2015}
}

@article{d0db8378befd6eaf9b77256b99049e4ad9df52dd,
 arxivid = {0909.3840},
 author = {A. Bauermeister and L. Blitz and Chung-Pei Ma},
 corpusid = {14066164},
 day = {21},
 doi = {10.1088/0004-637X/717/1/323},
 journal = {The Astrophysical Journal},
 mag = {1539140203},
 month = {9},
 pages = {323 - 332},
 title = {{THE GAS CONSUMPTION HISTORY TO REDSHIFT 4}},
 url = {https://www.semanticscholar.org/paper/d0db8378befd6eaf9b77256b99049e4ad9df52dd},
 volume = {717},
 year = {2009}
}

@article{d211d16a78bca4a0e20f831f0e7f7c58ddfcdbcd,
 arxivid = {1910.14235},
 author = {M. Li 李 and S. Tonnesen},
 booktitle = {Astrophysical Journal},
 corpusid = {207795556},
 day = {31},
 doi = {10.3847/1538-4357/ab9f9f},
 journal = {The Astrophysical Journal},
 mag = {2982308874},
 month = {10},
 title = {{How Do Supernovae Impact the Circumgalactic Medium? I. Large-scale Fountains around a Milky Way–like Galaxy}},
 url = {https://www.semanticscholar.org/paper/d211d16a78bca4a0e20f831f0e7f7c58ddfcdbcd},
 volume = {898},
 year = {2019}
}

@article{d24b3796ad4e32ccbf3078af9a597a103e26a3b4,
 arxivid = {2106.12927},
 author = {J. Norris and S. Muzahid and J. Charlton and G. Kacprzak and B. Wakker and C. Churchill},
 booktitle = {Monthly notices of the Royal Astronomical Society},
 corpusid = {235623882},
 day = {24},
 doi = {10.1093/mnras/stab1812},
 journal = {Monthly Notices of the Royal Astronomical Society},
 month = {6},
 title = {{Discovery of extremely low-metallicity circumgalactic gas at z = 0.5 towards Q0454−220}},
 url = {https://www.semanticscholar.org/paper/d24b3796ad4e32ccbf3078af9a597a103e26a3b4},
 year = {2021}
}

@article{d2520ec368768b3d0a7bb10c769f65a9c432768e,
 arxivid = {astro-ph/0607648},
 author = {I. Baldry and M. Balogh and R. Bower and K. Glazebrook and R. Nichol and S. Bamford and T. Budavári},
 corpusid = {7495872},
 day = {28},
 doi = {10.1111/j.1365-2966.2006.11081.x},
 journal = {Monthly Notices of the Royal Astronomical Society},
 mag = {2114553120},
 month = {7},
 pages = {469-483},
 title = {{Galaxy bimodality versus stellar mass and environment}},
 url = {https://www.semanticscholar.org/paper/d2520ec368768b3d0a7bb10c769f65a9c432768e},
 volume = {373},
 year = {2006}
}

@article{d2ddd5346a9ba7f168bf822f748cd1ea7b824d53,
 arxivid = {astro-ph/0002151},
 author = {N. Gnedin},
 corpusid = {2605182},
 day = {7},
 doi = {10.1086/317042},
 journal = {The Astrophysical Journal},
 mag = {2949105883},
 month = {2},
 pages = {535 - 541},
 title = {{Effect of Reionization on Structure Formation in the Universe}},
 url = {https://www.semanticscholar.org/paper/d2ddd5346a9ba7f168bf822f748cd1ea7b824d53},
 volume = {542},
 year = {2000}
}

@article{d365cf17c7cb3b4b83a69427ad4b5da63179a4c0,
 arxivid = {1905.13234},
 author = {R. Cochrane and C. Hayward and D. Anglés-Alcázar and J. Lotz and T. Parsotan and X. Ma and D. Keres̆ and R. Feldmann and C. Faucher-Giguère and P. Hopkins},
 booktitle = {Monthly notices of the Royal Astronomical Society},
 corpusid = {173188670},
 day = {30},
 doi = {10.1093/mnras/stz1736},
 journal = {Monthly Notices of the Royal Astronomical Society},
 mag = {2947808167},
 month = {5},
 title = {{Predictions for the spatial distribution of the dust continuum emission in $\boldsymbol {1\,\lt\, z\,\lt\, 5}$ star-forming galaxies}},
 url = {https://www.semanticscholar.org/paper/d365cf17c7cb3b4b83a69427ad4b5da63179a4c0},
 year = {2019}
}

@article{d3c2cf9ba04add0c81ac6e556b4796512390eb18,
 arxivid = {1404.6540},
 author = {N. Lehner and J. Howk and B. Wakker},
 corpusid = {31505650},
 day = {25},
 doi = {10.1088/0004-637X/804/2/79},
 journal = {The Astrophysical Journal},
 mag = {3102582712},
 month = {4},
 title = {{EVIDENCE FOR A MASSIVE, EXTENDED CIRCUMGALACTIC MEDIUM AROUND THE ANDROMEDA GALAXY}},
 url = {https://www.semanticscholar.org/paper/d3c2cf9ba04add0c81ac6e556b4796512390eb18},
 volume = {804},
 year = {2014}
}

@article{d48a063fe8590f403ef7c845211ab96fd54016ef,
 arxivid = {1810.06560},
 author = {J. Burchett and T. Tripp and J. Prochaska and J. Werk and J. Tumlinson and J. Howk and C. Willmer and N. Lehner and J. Meiring and D. Bowen and R. Bordoloi and M. Peeples and E. Jenkins and J. O’Meara and N. Tejos and N. Katz},
 booktitle = {Astrophysical Journal},
 corpusid = {119348240},
 day = {15},
 doi = {10.3847/2041-8213/ab1f7f},
 journal = {The Astrophysical Journal Letters},
 mag = {2897038025},
 month = {10},
 title = {{The COS Absorption Survey of Baryon Harbors (CASBaH): Warm–Hot Circumgalactic Gas Reservoirs Traced by Ne viii Absorption}},
 url = {https://www.semanticscholar.org/paper/d48a063fe8590f403ef7c845211ab96fd54016ef},
 volume = {877},
 year = {2018}
}

@article{d843546669da097c06432e893ddc75a0b43b5b07,
 arxivid = {0912.0519},
 author = {B. Oppenheimer and R. Dav'e and D. Kerevs and M. Fardal and N. Katz and J. Kollmeier and D. Weinberg},
 corpusid = {4500344},
 day = {2},
 doi = {10.1111/j.1365-2966.2010.16872.x},
 journal = {Monthly Notices of the Royal Astronomical Society},
 mag = {2150074098},
 month = {12},
 pages = {2325-2338},
 title = {{Feedback and recycled wind accretion: assembling the z= 0 galaxy mass function}},
 url = {https://www.semanticscholar.org/paper/d843546669da097c06432e893ddc75a0b43b5b07},
 volume = {406},
 year = {2009}
}

@article{d97c38da0e0a7e71292e8a57595f7b0d1a448041,
 arxivid = {1805.07364},
 author = {Hsiao-Wen Chen and F. Zahedy and Sean D. Johnson and R. Pierce and Yun-Hsin Huang and B. Weiner and Jean-Ren'e Gauthier},
 corpusid = {54045675},
 day = {18},
 doi = {10.1093/mnras/sty1541},
 journal = {Monthly Notices of the Royal Astronomical Society},
 mag = {2804740393},
 month = {5},
 pages = {2547-2563},
 title = {{Characterizing circumgalactic gas around massive ellipticals at z ∼ 0.4 – I. Initial results★}},
 url = {https://www.semanticscholar.org/paper/d97c38da0e0a7e71292e8a57595f7b0d1a448041},
 volume = {479},
 year = {2018}
}

@article{db474f4d0f678622598a0c88598a92329a32f890,
 author = {D. Keres̆ and N. Katz and M. Fardal and R. Davé and D. Weinberg},
 corpusid = {4538814},
 title = {{Galaxies in a simulated Lambda CDM Universe-I . Cold mode and hot cores}},
 url = {https://www.semanticscholar.org/paper/db474f4d0f678622598a0c88598a92329a32f890},
 year = {2018}
}

@article{db7d18605136e3bb88af1b8e25443f36584c0633,
 arxivid = {1011.1693},
 author = {C. Faucher-Giguère and D. Keres̆},
 corpusid = {119278736},
 day = {8},
 doi = {10.1111/j.1745-3933.2011.01018.x},
 journal = {Monthly Notices of the Royal Astronomical Society: Letters},
 mag = {2951641861},
 month = {11},
 title = {{The small covering factor of cold accretion streams}},
 url = {https://www.semanticscholar.org/paper/db7d18605136e3bb88af1b8e25443f36584c0633},
 volume = {412},
 year = {2010}
}

@article{dbd971829afdebb48d8033405e0b580011d8a62f,
 arxivid = {1303.0285},
 author = {P. Hopkins and D. Narayanan and Norman Murray CaltechBerkeley and Steward and Cita},
 corpusid = {10549892},
 day = {1},
 doi = {10.1093/mnras/stt723},
 journal = {Monthly Notices of the Royal Astronomical Society},
 mag = {2078959314},
 month = {3},
 pages = {2647-2653},
 title = {{The meaning and consequences of star formation criteria in galaxy models with resolved stellar feedback}},
 url = {https://www.semanticscholar.org/paper/dbd971829afdebb48d8033405e0b580011d8a62f},
 volume = {432},
 year = {2013}
}

@article{dc9da7f779cbf5dd3aa5a39823f0f9589cd46ef4,
 arxivid = {1612.00591},
 author = {F. H. S. U. Berkeley and Asiaa and Hits and Yale},
 corpusid = {118806677},
 day = {2},
 doi = {10.1007/978-3-319-52512-9_13},
 month = {12},
 title = {{The Effect of Galactic Feedback on Gas Accretion and Wind Recycling}},
 url = {https://www.semanticscholar.org/paper/dc9da7f779cbf5dd3aa5a39823f0f9589cd46ef4},
 year = {2016}
}

@article{e0e92b20fe55f45c2b73d71647bcad314e6e13b2,
 author = {J. Smagorinsky},
 corpusid = {124133487},
 day = {1},
 doi = {10.1175/1520-0493(1963)091<0099:GCEWTP>2.3.CO;2},
 journal = {Monthly Weather Review},
 mag = {2168795429},
 month = {3},
 pages = {99-164},
 title = {{GENERAL CIRCULATION EXPERIMENTS WITH THE PRIMITIVE EQUATIONS}},
 url = {https://www.semanticscholar.org/paper/e0e92b20fe55f45c2b73d71647bcad314e6e13b2},
 volume = {91},
 year = {1963}
}

@article{e33eb1642bbc8feffa1c812650117cdf181b65f3,
 arxivid = {1905.04321},
 author = {P. Hopkins and T. K. Chan and S. Garrison-Kimmel and Suoqing Ji and Kung-Yi Su and C. Hummels and D. Keres̆ and E. Quataert and C. Faucher-Giguère},
 booktitle = {Monthly notices of the Royal Astronomical Society},
 corpusid = {152282769},
 day = {10},
 doi = {10.1093/mnras/stz3321},
 journal = {Monthly Notices of the Royal Astronomical Society},
 mag = {2944547660},
 month = {5},
 title = {{But what about...: cosmic rays, magnetic fields, conduction, and viscosity in galaxy formation}},
 url = {https://www.semanticscholar.org/paper/e33eb1642bbc8feffa1c812650117cdf181b65f3},
 year = {2019}
}

@article{e3c1c80c6514d81d5ea931d36b5ee4208397f26a,
 arxivid = {2106.06416},
 author = {A. Beckett and S. Morris and M. Fumagalli and R. Bielby and N. Tejos and J. Schaye and B. Jannuzi and S. Cantalupo},
 corpusid = {235417280},
 day = {11},
 doi = {10.1093/mnras/stab1630},
 month = {6},
 title = {{The relationship between gas and galaxies at z < 1 using the Q0107 quasar triplet}},
 url = {https://www.semanticscholar.org/paper/e3c1c80c6514d81d5ea931d36b5ee4208397f26a},
 year = {2021}
}

@article{e4025beca6a883357029de5832efa831110b5751,
 arxivid = {1310.6267},
 author = {A. Fox and N. Lehner and J. Tumlinson and J. Howk and T. Tripp and J. Prochaska and J. O’Meara and J. Werk and R. Bordoloi and N. Katz and B. Oppenheimer and R. Davé},
 corpusid = {54732172},
 day = {23},
 doi = {10.1088/0004-637X/778/2/187},
 journal = {The Astrophysical Journal},
 mag = {2170590141},
 month = {10},
 title = {{THE HIGH-ION CONTENT AND KINEMATICS OF LOW-REDSHIFT LYMAN LIMIT SYSTEMS}},
 url = {https://www.semanticscholar.org/paper/e4025beca6a883357029de5832efa831110b5751},
 volume = {778},
 year = {2013}
}

@article{e49b1ac6be152076515288d513e53546d8f11e05,
 arxivid = {1311.2595},
 author = {C. Cicone and R. Maiolino and E. Sturm and J. Graci'a-Carpio and C. Feruglio and R. Neri and S. Aalto and R. Davies and F. Fiore and J. Fischer and S. Garc'ia-Burillo and E. Gonz'alez-Alfonso and S. Hailey-Dunsheath and E. Piconcelli and S. Veilleux},
 corpusid = {26807848},
 day = {11},
 doi = {10.1051/0004-6361/201322464},
 journal = {Astronomy and Astrophysics},
 mag = {1988950195},
 month = {11},
 pages = {1-25},
 title = {{Massive molecular outflows and evidence for AGN feedback from CO observations}},
 url = {https://www.semanticscholar.org/paper/e49b1ac6be152076515288d513e53546d8f11e05},
 volume = {562},
 year = {2013}
}

@article{e4aa0db43831122f1d225131405d58bfe885fd5f,
 author = {J. Gunn and J. Gott},
 corpusid = {122678182},
 doi = {10.1086/151605},
 journal = {The Astrophysical Journal},
 mag = {2162290847},
 pages = {1-19},
 title = {{On the Infall of Matter into Clusters of Galaxies and Some Effects on Their Evolution}},
 url = {https://www.semanticscholar.org/paper/e4aa0db43831122f1d225131405d58bfe885fd5f},
 volume = {176},
 year = {1972}
}

@article{e4b020a797c58bf047354d54f067275d19af6e32,
 arxivid = {1204.3093},
 author = {J. O’Meara and J. Prochaska and G. Worseck and Hsiao-Wen Chen and P. Madau},
 corpusid = {118457419},
 day = {13},
 doi = {10.1088/0004-637X/765/2/137},
 journal = {The Astrophysical Journal},
 mag = {2056431140},
 month = {4},
 title = {{THE HST/ACS+WFC3 SURVEY FOR LYMAN LIMIT SYSTEMS. II. SCIENCE}},
 url = {https://www.semanticscholar.org/paper/e4b020a797c58bf047354d54f067275d19af6e32},
 volume = {765},
 year = {2012}
}

@article{e587ecad5b0b07481e7ed2a3d8c249172d052f37,
 arxivid = {0806.0378},
 author = {T. Okamoto and Liang Gao and T. Theuns},
 corpusid = {10424851},
 day = {2},
 doi = {10.1111/j.1365-2966.2008.13830.x},
 journal = {Monthly Notices of the Royal Astronomical Society},
 mag = {1977745211},
 month = {6},
 pages = {920-928},
 title = {{Mass loss of galaxies due to an ultraviolet background}},
 url = {https://www.semanticscholar.org/paper/e587ecad5b0b07481e7ed2a3d8c249172d052f37},
 volume = {390},
 year = {2008}
}

@article{e5ac121822aa9be165c2020bc71640eec15412a6,
 arxivid = {1203.0306},
 author = {Ximena Fern'andez and M. R. Joung and M. Putman},
 corpusid = {119200043},
 day = {1},
 doi = {10.1088/0004-637X/749/2/181},
 journal = {The Astrophysical Journal},
 mag = {3105057565},
 month = {3},
 title = {{THE ORIGIN AND DISTRIBUTION OF COLD GAS IN THE HALO OF A MILKY-WAY-MASS GALAXY}},
 url = {https://www.semanticscholar.org/paper/e5ac121822aa9be165c2020bc71640eec15412a6},
 volume = {749},
 year = {2012}
}

@article{e6fc22a69793acf94518e492e57b01c24e4d7437,
 arxivid = {2108.04924},
 author = {Farhanul Hasan and C. Churchill and Bryson Stemock and N. Nielsen and G. Kacprzak and M. Croom and M. Murphy},
 booktitle = {Astrophysical Journal},
 corpusid = {236976323},
 day = {10},
 doi = {10.3847/1538-4357/ac308c},
 journal = {The Astrophysical Journal},
 month = {8},
 title = {{Evolution of C iv Absorbers. II. Where Does C iv Live?}},
 url = {https://www.semanticscholar.org/paper/e6fc22a69793acf94518e492e57b01c24e4d7437},
 volume = {924},
 year = {2021}
}

@article{e7bee5877ed91523c7908ae90b8c366cbf4005f8,
 arxivid = {1608.02584},
 author = {Christopher B. Wotta and N. Lehner and J. Howk and J. O’Meara and J. Prochaska},
 corpusid = {119252479},
 day = {8},
 doi = {10.3847/0004-637X/831/1/95},
 journal = {The Astrophysical Journal},
 mag = {3106443541},
 month = {8},
 title = {{LOW-METALLICITY ABSORBERS ACCOUNT FOR HALF OF THE DENSE CIRCUMGALACTIC GAS AT z ≲ 1}},
 url = {https://www.semanticscholar.org/paper/e7bee5877ed91523c7908ae90b8c366cbf4005f8},
 volume = {831},
 year = {2016}
}

@article{e84a0e05049879f79cc40adac9f32cadc0b0b307,
 arxivid = {1406.0509},
 author = {R. Bordoloi and J. Tumlinson and J. Werk and B. Oppenheimer and M. Peeples and J. Prochaska and T. Tripp and N. Katz and R. Dav'e and A. Fox and C. Thom and A. B. Ford and D. Weinberg and J. Burchett and J. Kollmeier},
 corpusid = {109930193},
 day = {2},
 doi = {10.1088/0004-637X/796/2/136},
 journal = {The Astrophysical Journal},
 mag = {3103472044},
 month = {6},
 title = {{THE COS-DWARFS SURVEY: THE CARBON RESERVOIR AROUND SUB-L* GALAXIES}},
 url = {https://www.semanticscholar.org/paper/e84a0e05049879f79cc40adac9f32cadc0b0b307},
 volume = {796},
 year = {2014}
}

@article{e964e284f4a26e0348efc61d62322a336177ab37,
 arxivid = {1610.06590},
 author = {Matthew J. Colbrook and Xiangcheng Ma and P. Hopkins and J. Squire},
 corpusid = {20203131},
 day = {20},
 doi = {10.1093/mnras/stx261},
 journal = {Monthly Notices of the Royal Astronomical Society},
 mag = {2541348446},
 month = {10},
 pages = {2421-2429},
 title = {{Scaling laws of passive-scalar diffusion in the interstellar medium}},
 url = {https://www.semanticscholar.org/paper/e964e284f4a26e0348efc61d62322a336177ab37},
 volume = {467},
 year = {2016}
}

@article{ee1b7bf3607fefbfa2cd27e8bb5276c3d7226cb2,
 arxivid = {2012.00021},
 author = {Sameer and J. Charlton and J. Norris and M. Gebhardt and C. Churchill and G. Kacprzak and S. Muzahid and A. Narayanan and N. Nielsen and P. Richter and B. Wakker},
 corpusid = {227238838},
 day = {30},
 doi = {10.1093/mnras/staa3754},
 journal = {Monthly Notices of the Royal Astronomical Society},
 mag = {3109091717},
 month = {11},
 title = {{Cloud-by-cloud, multiphase, Bayesian modelling: application to four weak, low-ionization absorbers}},
 url = {https://www.semanticscholar.org/paper/ee1b7bf3607fefbfa2cd27e8bb5276c3d7226cb2},
 year = {2020}
}

@article{ee43c2aef4a58c26ae16c1ac14d04004ef27f0a0,
 arxivid = {astro-ph/9510154},
 author = {A. Thoul and D. Weinberg},
 corpusid = {119504372},
 day = {31},
 doi = {10.1086/177446},
 journal = {The Astrophysical Journal},
 mag = {2046076359},
 month = {10},
 pages = {608},
 title = {{Hydrodynamic Simulations of Galaxy Formation. II. Photoionization and the Formation of Low Mass Galaxies}},
 url = {https://www.semanticscholar.org/paper/ee43c2aef4a58c26ae16c1ac14d04004ef27f0a0},
 volume = {465},
 year = {1995}
}

@article{eea4ff541ca2730efed97a91585c45d03927070d,
 arxivid = {1906.11476},
 author = {K. Bannister and A. Deller and C. Phillips and J. Macquart and J. Prochaska and N. Tejos and S. Ryder and E. Sadler and R. Shannon and S. Simha and C. Day and M. McQuinn and F. North-Hickey and S. Bhandari and W. Arcus and V. Bennert and J. Burchett and M. Bouwhuis and R. Dodson and R. Ekers and W. Farah and C. Flynn and C. James and M. Kerr and E. Lenc and E. Mahony and J. O’Meara and S. Osłowski and H. Qiu and T. Treu and V. U and T. Bateman and D. Bock and R. Bolton and A. Brown and J. Bunton and A. Chippendale and F. Cooray and T. Cornwell and N. Gupta and D. Hayman and M. Kesteven and B. Koribalski and A. MacLeod and N. McClure–Griffiths and S. Neuhold and R. Norris and M. Pilawa and R. Qiao and J. Reynolds and D. Roxby and T. Shimwell and M. Voronkov and C. Wilson},
 booktitle = {Science},
 corpusid = {195699409},
 day = {27},
 doi = {10.1126/science.aaw5903},
 journal = {Science},
 mag = {2955902629},
 month = {6},
 pages = {565 - 570},
 pubmed = {31249136},
 title = {{A single fast radio burst localized to a massive galaxy at cosmological distance}},
 url = {https://www.semanticscholar.org/paper/eea4ff541ca2730efed97a91585c45d03927070d},
 volume = {365},
 year = {2019}
}

@article{eefb4e7f02fc79e0585bc5f48e8bc5715dfb5225,
 arxivid = {1909.12303},
 author = {C. Steinhardt and A. Jermyn and Jackie Lodman},
 booktitle = {Astrophysical Journal},
 corpusid = {203591550},
 day = {26},
 doi = {10.3847/1538-4357/ab66b7},
 journal = {The Astrophysical Journal},
 mag = {3099503075},
 month = {9},
 title = {{Thermal Regulation and the Star-forming Main Sequence}},
 url = {https://www.semanticscholar.org/paper/eefb4e7f02fc79e0585bc5f48e8bc5715dfb5225},
 volume = {890},
 year = {2019}
}

@article{f02e1731e4395cd6704428b2cc298daf261c0d1d,
 arxivid = {1510.03869},
 author = {M. Sparre and C. Hayward and R. Feldmann and C. Faucher-Giguère and A. Muratov and D. Kerevs and P. Hopkins},
 corpusid = {23099692},
 day = {13},
 doi = {10.1093/mnras/stw3011},
 journal = {Monthly Notices of the Royal Astronomical Society},
 mag = {2200847299},
 month = {10},
 pages = {88-104},
 title = {{(Star)bursts of FIRE: observational signatures of bursty star formation in galaxies}},
 url = {https://www.semanticscholar.org/paper/f02e1731e4395cd6704428b2cc298daf261c0d1d},
 volume = {466},
 year = {2015}
}

@article{f058b1bdb92910a9fbfe0f4759852ad00772454b,
 arxivid = {2110.01633},
 author = {S. Ho and C. Martin and J. Schaye},
 booktitle = {Astrophysical Journal},
 corpusid = {238353971},
 day = {4},
 doi = {10.3847/1538-4357/ac2c73},
 journal = {The Astrophysical Journal},
 month = {10},
 title = {{How Identifying Circumgalactic Gas by Line-of-sight Velocity instead of the Location in 3D Space Affects O vi Measurements}},
 url = {https://www.semanticscholar.org/paper/f058b1bdb92910a9fbfe0f4759852ad00772454b},
 volume = {923},
 year = {2021}
}

@article{f19295a778ee52077ee9db69b120daa2edb8367b,
 arxivid = {1808.07872},
 author = {C. Christensen and R. Davé and A. Brooks and T. Quinn and S. Shen},
 booktitle = {Astrophysical Journal},
 corpusid = {56348831},
 day = {23},
 doi = {10.3847/1538-4357/aae374},
 journal = {The Astrophysical Journal},
 mag = {3103718638},
 month = {8},
 title = {{Tracing Outflowing Metals in Simulations of Dwarf and Spiral Galaxies}},
 url = {https://www.semanticscholar.org/paper/f19295a778ee52077ee9db69b120daa2edb8367b},
 volume = {867},
 year = {2018}
}

@article{f1bb64d1e4852ddda3ed4866607233983f219e30,
 arxivid = {1106.0616},
 author = {R. Bordoloi and S. Lilly and C. Knobel and M. Bolzonella and P. Kampczyk and C. Carollo and A. Iovino and E. Zucca and T. Contini and J. Kneib and O. Fèvre and V. Mainieri and A. Renzini and M. Scodeggio and G. Zamorani and I. Balestra and S. Bardelli and A. Bongiorno and K. Caputi and O. Cucciati and S. D. Torre and L. Ravel and B. Garilli and K. Kovač and F. Lamareille and J. Borgne and V. Brun and C. Maier and M. Mignoli and R. Pelló and Y. Peng and E. P. Montero and V. Presotto and C. Scarlata and J. Silverman and M. Tanaka and L. Tasca and L. Tresse and D. Vergani and L. Barnes and A. Cappi and A. Cimatti and G. Coppa and C. Diener and P. Franzetti and A. Koekemoer and C. López-Sanjuan and H. McCracken and Michele Moresco and P. Nair and P. Oesch and L. Pozzetti and N. Welikala},
 corpusid = {4848332},
 day = {3},
 doi = {10.1088/0004-637X/743/1/10},
 journal = {The Astrophysical Journal},
 mag = {2101307399},
 month = {6},
 title = {{THE RADIAL AND AZIMUTHAL PROFILES OF Mg ii ABSORPTION AROUND 0.5 < z < 0.9 zCOSMOS GALAXIES OF DIFFERENT COLORS, MASSES, AND ENVIRONMENTS}},
 url = {https://www.semanticscholar.org/paper/f1bb64d1e4852ddda3ed4866607233983f219e30},
 volume = {743},
 year = {2011}
}

@article{f268374fede0c8f72e0c744f9e702442a4e17712,
 arxivid = {1910.00594},
 author = {J. Borrow and D. Anglés-Alcázar and R. Davé},
 booktitle = {Monthly notices of the Royal Astronomical Society},
 corpusid = {203626688},
 day = {1},
 doi = {10.1093/mnras/stz3428},
 journal = {Monthly Notices of the Royal Astronomical Society},
 mag = {2979074339},
 month = {10},
 title = {{Cosmological baryon transfer in the simba simulations}},
 url = {https://www.semanticscholar.org/paper/f268374fede0c8f72e0c744f9e702442a4e17712},
 year = {2019}
}

@article{f2c251056dee4c6f9130b31e5e3e4b3296051c49,
 arxivid = {1608.05712},
 author = {Zachary Hafen and C. Faucher-Giguère and D. Anglés-Alcázar and D. Keres̆ and R. Feldmann and T. K. Chan and E. Quataert and N. Murray and P. F. H. Northwestern and U. Diego and U. Berkeley and U. Zurich and Cita and Caltech},
 corpusid = {119278537},
 day = {19},
 doi = {10.1093/mnras/stx952},
 journal = {Monthly Notices of the Royal Astronomical Society},
 mag = {2512213311},
 month = {8},
 pages = {2292-2304},
 title = {{Low-redshift Lyman limit systems as diagnostics of cosmological inflows and outflows}},
 url = {https://www.semanticscholar.org/paper/f2c251056dee4c6f9130b31e5e3e4b3296051c49},
 volume = {469},
 year = {2016}
}

@article{f3941c9c20e2f4e501f2b4a0a834824c4b7a5afd,
 arxivid = {1503.06799},
 author = {A. Wetzel and E. Tollerud and D. Weisz},
 corpusid = {33556186},
 day = {23},
 doi = {10.1088/2041-8205/808/1/L27},
 journal = {The Astrophysical Journal Letters},
 mag = {1961909001},
 month = {3},
 title = {{RAPID ENVIRONMENTAL QUENCHING OF SATELLITE DWARF GALAXIES IN THE LOCAL GROUP}},
 url = {https://www.semanticscholar.org/paper/f3941c9c20e2f4e501f2b4a0a834824c4b7a5afd},
 volume = {808},
 year = {2015}
}

@article{f430826d7f12b694d05af6d477847a64bd821cbb,
 arxivid = {1111.5102},
 author = {T. Jones and D. Stark and R. Ellis},
 corpusid = {39126220},
 day = {22},
 doi = {10.1088/0004-637X/751/1/51},
 journal = {The Astrophysical Journal},
 mag = {2138096650},
 month = {11},
 title = {{KECK SPECTROSCOPY OF FAINT 3 < z < 7 LYMAN BREAK GALAXIES. III. THE MEAN ULTRAVIOLET SPECTRUM AT z ≃ 4}},
 url = {https://www.semanticscholar.org/paper/f430826d7f12b694d05af6d477847a64bd821cbb},
 volume = {751},
 year = {2011}
}

@article{f52ca0fe90e15bfbfaf646547bb7e9414f45a7b3,
 arxivid = {1910.04310},
 author = {G. Kacprzak and S. Pointon and N. Nielsen and C. Churchill and S. Muzahid and J. Charlton},
 booktitle = {Astrophysical Journal},
 corpusid = {204008353},
 day = {10},
 doi = {10.3847/1538-4357/ab4c3c},
 journal = {The Astrophysical Journal},
 mag = {2979910155},
 month = {10},
 title = {{The Relationship between Galaxy ISM and Circumgalactic Gas Metallicities}},
 url = {https://www.semanticscholar.org/paper/f52ca0fe90e15bfbfaf646547bb7e9414f45a7b3},
 volume = {886},
 year = {2019}
}

@article{f5542be63eb9fc9f8e002aadf0d019074d89677c,
 arxivid = {0904.3662},
 author = {S. Knollmann and A. Knebe},
 corpusid = {18387543},
 day = {23},
 doi = {10.1088/0067-0049/182/2/608},
 journal = {The Astrophysical Journal Supplement Series},
 mag = {2042956136},
 month = {4},
 pages = {608 - 624},
 title = {{Ahf: AMIGA'S HALO FINDER}},
 url = {https://www.semanticscholar.org/paper/f5542be63eb9fc9f8e002aadf0d019074d89677c},
 volume = {182},
 year = {2009}
}

@article{fa5637fbb734ea80f4ff5b5e3a730a9aef2a5ee2,
 arxivid = {2201.02708},
 author = {E. Moser and N. Battaglia and D. Nagai and E. Lau and Luis Fernando Machado Poletti Valle and F. Villaescusa-Navarro and S. Amodeo and D. Anglés-Alcázar and G. Bryan and R. Davé and L. Hernquist and M. Vogelsberger},
 booktitle = {Astrophysical Journal},
 corpusid = {245837845},
 day = {7},
 doi = {10.3847/1538-4357/ac70c6},
 journal = {The Astrophysical Journal},
 month = {1},
 title = {{The Circumgalactic Medium from the CAMELS Simulations: Forecasting Constraints on Feedback Processes from Future Sunyaev–Zeldovich Observations}},
 url = {https://www.semanticscholar.org/paper/fa5637fbb734ea80f4ff5b5e3a730a9aef2a5ee2},
 volume = {933},
 year = {2022}
}

@article{fb112d3678518219462911a028a7dc3e01da82fa,
 arxivid = {1608.02588},
 author = {N. Lehner and J. O’Meara and J. Howk and J. Prochaska and M. Fumagalli},
 corpusid = {56073522},
 day = {8},
 doi = {10.3847/1538-4357/833/2/283},
 journal = {The Astrophysical Journal},
 mag = {3099342163},
 month = {8},
 title = {{THE COSMIC EVOLUTION OF THE METALLICITY DISTRIBUTION OF IONIZED GAS TRACED BY LYMAN LIMIT SYSTEMS}},
 url = {https://www.semanticscholar.org/paper/fb112d3678518219462911a028a7dc3e01da82fa},
 volume = {833},
 year = {2016}
}

@article{fc8e325e7d0e1bc581ece91c2bb2bb427de822d1,
 arxivid = {1702.02618},
 author = {J. Prochaska and J. Werk and G. Worseck and T. Tripp and J. Tumlinson and J. Burchett and A. Fox and M. Fumagalli and N. Lehner and M. Peeples and N. Tejos},
 corpusid = {55378967},
 day = {8},
 doi = {10.3847/1538-4357/aa6007},
 journal = {The Astrophysical Journal},
 mag = {3099490446},
 month = {2},
 title = {{The COS-Halos Survey: Metallicities in the Low-redshift Circumgalactic Medium}},
 url = {https://www.semanticscholar.org/paper/fc8e325e7d0e1bc581ece91c2bb2bb427de822d1},
 volume = {837},
 year = {2017}
}

@article{fe19b6d3b06a4447f89e41f24ee885667a4a1ef4,
 arxivid = {1212.0558},
 author = {J. Werk and J. Prochaska and C. Thom and J. Tumlinson and T. Tripp and J. O’Meara and M. Peeples},
 corpusid = {119235621},
 day = {3},
 doi = {10.1088/0067-0049/204/2/17},
 journal = {The Astrophysical Journal Supplement Series},
 mag = {2068262275},
 month = {12},
 title = {{THE COS-HALOS SURVEY: AN EMPIRICAL DESCRIPTION OF METAL-LINE ABSORPTION IN THE LOW-REDSHIFT CIRCUMGALACTIC MEDIUM}},
 url = {https://www.semanticscholar.org/paper/fe19b6d3b06a4447f89e41f24ee885667a4a1ef4},
 volume = {204},
 year = {2012}
}
