@ARTICLE{2020ApJ...903...32F,
       author = {{Fielding}, Drummond B. and {Tonnesen}, Stephanie and
         {DeFelippis}, Daniel and {Li}, Miao and {Su}, Kung-Yi and
         {Bryan}, Greg L. and {Kim}, Chang-Goo and {Forbes}, John C. and
         {Somerville}, Rachel S. and {Battaglia}, Nicholas and
         {Schneider}, Evan E. and {Li}, Yuan and {Choi}, Ena and
         {Hayward}, Christopher C. and {Hernquist}, Lars},
        title = "{First Results from SMAUG: Uncovering the Origin of the Multiphase Circumgalactic Medium with a Comparative Analysis of Idealized and Cosmological Simulations}",
      journal = {\apj},
     keywords = {Circumgalactic medium, Galactic winds, Galaxies, Galaxy evolution, Galaxy physics, 1879, 572, 573, 594, 612, Astrophysics - Astrophysics of Galaxies},
         year = 2020,
        month = {nov},
       volume = {903},
       number = {1},
          eid = {32},
        pages = {32},
          doi = {10.3847/1538-4357/abbc6d},
archivePrefix = {arXiv},
       arxivid = {2006.16316},
       eprint = {2006.16316},
 primaryClass = {astro-ph.GA},
       adsurl = {https://ui.adsabs.harvard.edu/abs/2020ApJ...903...32F},
      adsnote = {Provided by the SAO/NASA Astrophysics Data System}
}

@ARTICLE{2020ApJ...900....9L,
       author = {{Lehner}, Nicolas and {Berek}, Samantha C. and {Howk}, J. Christopher and
         {Wakker}, Bart P. and {Tumlinson}, Jason and {Jenkins}, Edward B. and
         {Prochaska}, J. Xavier and {Augustin}, Ramona and {Ji}, Suoqing and
         {Faucher-Gigu{\`e}re}, Claude-Andr{\'e} and {Hafen}, Zachary and
         {Peeples}, Molly S. and {Barger}, Kat A. and {Berg}, Michelle A. and
         {Bordoloi}, Rongmon and {Brown}, Thomas M. and {Fox}, Andrew J. and
         {Gilbert}, Karoline M. and {Guhathakurta}, Puragra and
         {Kalirai}, Jason S. and {Lockman}, Felix J. and {O'Meara}, John M. and
         {Pisano}, D.~J. and {Ribaudo}, Joseph and {Werk}, Jessica K.},
        title = "{Project AMIGA: The Circumgalactic Medium of Andromeda}",
      journal = {\apj},
     keywords = {Circumgalactic medium, Andromeda Galaxy, Local Group, Quasar absorption line spectroscopy, 1879, 39, 929, 1317, Astrophysics - Astrophysics of Galaxies},
         year = 2020,
        month = {sep},
       volume = {900},
       number = {1},
          eid = {9},
        pages = {9},
          doi = {10.3847/1538-4357/aba49c},
archivePrefix = {arXiv},
       arxivid = {2002.07818},
       eprint = {2002.07818},
 primaryClass = {astro-ph.GA},
       adsurl = {https://ui.adsabs.harvard.edu/abs/2020ApJ...900....9L},
      adsnote = {Provided by the SAO/NASA Astrophysics Data System}
}

@ARTICLE{2020A&A...641A...6P,
       author = {{Planck Collaboration} and {Aghanim}, N. and {Akrami}, Y. and
         {Ashdown}, M. and {Aumont}, J. and {Baccigalupi}, C. and
         {Ballardini}, M. and {Banday}, A.~J. and {Barreiro}, R.~B. and
         {Bartolo}, N. and {Basak}, S. and {Battye}, R. and {Benabed}, K. and
         {Bernard}, J. -P. and {Bersanelli}, M. and {Bielewicz}, P. and
         {Bock}, J.~J. and {Bond}, J.~R. and {Borrill}, J. and {Bouchet}, F.~R. and
         {Boulanger}, F. and {Bucher}, M. and {Burigana}, C. and
         {Butler}, R.~C. and {Calabrese}, E. and {Cardoso}, J. -F. and
         {Carron}, J. and {Challinor}, A. and {Chiang}, H.~C. and {Chluba}, J. and
         {Colombo}, L.~P.~L. and {Combet}, C. and {Contreras}, D. and
         {Crill}, B.~P. and {Cuttaia}, F. and {de Bernardis}, P. and
         {de Zotti}, G. and {Delabrouille}, J. and {Delouis}, J. -M. and
         {Di Valentino}, E. and {Diego}, J.~M. and {Dor{\'e}}, O. and
         {Douspis}, M. and {Ducout}, A. and {Dupac}, X. and {Dusini}, S. and
         {Efstathiou}, G. and {Elsner}, F. and {En{\ss}lin}, T.~A. and
         {Eriksen}, H.~K. and {Fantaye}, Y. and {Farhang}, M. and
         {Fergusson}, J. and {Fernandez-Cobos}, R. and {Finelli}, F. and
         {Forastieri}, F. and {Frailis}, M. and {Fraisse}, A.~A. and
         {Franceschi}, E. and {Frolov}, A. and {Galeotta}, S. and {Galli}, S. and
         {Ganga}, K. and {G{\'e}nova-Santos}, R.~T. and {Gerbino}, M. and
         {Ghosh}, T. and {Gonz{\'a}lez-Nuevo}, J. and {G{\'o}rski}, K.~M. and
         {Gratton}, S. and {Gruppuso}, A. and {Gudmundsson}, J.~E. and
         {Hamann}, J. and {Handley}, W. and {Hansen}, F.~K. and {Herranz}, D. and
         {Hildebrandt}, S.~R. and {Hivon}, E. and {Huang}, Z. and
         {Jaffe}, A.~H. and {Jones}, W.~C. and {Karakci}, A. and
         {Keih{\"a}nen}, E. and {Keskitalo}, R. and {Kiiveri}, K. and {Kim}, J. and
         {Kisner}, T.~S. and {Knox}, L. and {Krachmalnicoff}, N. and {Kunz}, M. and
         {Kurki-Suonio}, H. and {Lagache}, G. and {Lamarre}, J. -M. and
         {Lasenby}, A. and {Lattanzi}, M. and {Lawrence}, C.~R. and
         {Le Jeune}, M. and {Lemos}, P. and {Lesgourgues}, J. and {Levrier}, F. and
         {Lewis}, A. and {Liguori}, M. and {Lilje}, P.~B. and {Lilley}, M. and
         {Lindholm}, V. and {L{\'o}pez-Caniego}, M. and {Lubin}, P.~M. and
         {Ma}, Y. -Z. and {Mac{\'\i}as-P{\'e}rez}, J.~F. and {Maggio}, G. and
         {Maino}, D. and {Mandolesi}, N. and {Mangilli}, A. and
         {Marcos-Caballero}, A. and {Maris}, M. and {Martin}, P.~G. and
         {Martinelli}, M. and {Mart{\'\i}nez-Gonz{\'a}lez}, E. and
         {Matarrese}, S. and {Mauri}, N. and {McEwen}, J.~D. and
         {Meinhold}, P.~R. and {Melchiorri}, A. and {Mennella}, A. and
         {Migliaccio}, M. and {Millea}, M. and {Mitra}, S. and
         {Miville-Desch{\^e}nes}, M. -A. and {Molinari}, D. and {Montier}, L. and
         {Morgante}, G. and {Moss}, A. and {Natoli}, P. and
         {N{\o}rgaard-Nielsen}, H.~U. and {Pagano}, L. and {Paoletti}, D. and
         {Partridge}, B. and {Patanchon}, G. and {Peiris}, H.~V. and
         {Perrotta}, F. and {Pettorino}, V. and {Piacentini}, F. and
         {Polastri}, L. and {Polenta}, G. and {Puget}, J. -L. and
         {Rachen}, J.~P. and {Reinecke}, M. and {Remazeilles}, M. and
         {Renzi}, A. and {Rocha}, G. and {Rosset}, C. and {Roudier}, G. and
         {Rubi{\~n}o-Mart{\'\i}n}, J.~A. and {Ruiz-Granados}, B. and
         {Salvati}, L. and {Sandri}, M. and {Savelainen}, M. and {Scott}, D. and
         {Shellard}, E.~P.~S. and {Sirignano}, C. and {Sirri}, G. and
         {Spencer}, L.~D. and {Sunyaev}, R. and {Suur-Uski}, A. -S. and
         {Tauber}, J.~A. and {Tavagnacco}, D. and {Tenti}, M. and
         {Toffolatti}, L. and {Tomasi}, M. and {Trombetti}, T. and
         {Valenziano}, L. and {Valiviita}, J. and {Van Tent}, B. and
         {Vibert}, L. and {Vielva}, P. and {Villa}, F. and {Vittorio}, N. and {Wand
        elt}, B.~D. and {Wehus}, I.~K. and {White}, M. and {White}, S.~D.~M. and
         {Zacchei}, A. and {Zonca}, A.},
        title = "{Planck 2018 results. VI. Cosmological parameters}",
      journal = {\aap},
     keywords = {cosmic background radiation, cosmological parameters, Astrophysics - Cosmology and Nongalactic Astrophysics},
         year = 2020,
        month = {sep},
       volume = {641},
          eid = {A6},
        pages = {A6},
          doi = {10.1051/0004-6361/201833910},
archivePrefix = {arXiv},
       arxivid = {1807.06209},
       eprint = {1807.06209},
 primaryClass = {astro-ph.CO},
       adsurl = {https://ui.adsabs.harvard.edu/abs/2020A&A...641A...6P},
      adsnote = {Provided by the SAO/NASA Astrophysics Data System}
}

@ARTICLE{2020MNRAS.498.3664G,
       author = {{Gurvich}, Alexander B. and {Faucher-Gigu{\`e}re}, Claude-Andr{\'e} and
         {Richings}, Alexander J. and {Hopkins}, Philip F. and
         {Grudi{\'c}}, Michael Y. and {Hafen}, Zachary and {Wellons}, Sarah and
         {Stern}, Jonathan and {Quataert}, Eliot and {Chan}, T.~K. and
         {Orr}, Matthew E. and {Kere{\v{s}}}, Du{\v{s}}an and {Wetzel}, Andrew and
         {Hayward}, Christopher C. and {Loebman}, Sarah R. and {Murray}, Norman},
        title = "{Pressure balance in the multiphase ISM of cosmologically simulated disc galaxies}",
      journal = {\mnras},
     keywords = {galaxies: evolution, galaxies: formation, galaxies: ISM, galaxies: star formation, cosmology: theory, Astrophysics - Astrophysics of Galaxies},
         year = 2020,
        month = {aug},
       volume = {498},
       number = {3},
        pages = {3664-3683},
          doi = {10.1093/mnras/staa2578},
archivePrefix = {arXiv},
       arxivid = {2005.12916},
       eprint = {2005.12916},
 primaryClass = {astro-ph.GA},
       adsurl = {https://ui.adsabs.harvard.edu/abs/2020MNRAS.498.3664G},
      adsnote = {Provided by the SAO/NASA Astrophysics Data System}
}

@ARTICLE{2020MNRAS.498.1668W,
       author = {{Wright}, Ruby J. and {Lagos}, Claudia del P. and {Power}, Chris and
         {Mitchell}, Peter D.},
        title = "{The impact of stellar and AGN feedback on halo-scale baryonic and dark matter accretion in the EAGLE simulations}",
      journal = {\mnras},
     keywords = {galaxies: evolution, galaxies: formation, galaxies: haloes, Astrophysics - Astrophysics of Galaxies},
         year = 2020,
        month = {aug},
       volume = {498},
       number = {2},
        pages = {1668-1692},
          doi = {10.1093/mnras/staa2359},
archivePrefix = {arXiv},
       arxivid = {2006.00924},
       eprint = {2006.00924},
 primaryClass = {astro-ph.GA},
       adsurl = {https://ui.adsabs.harvard.edu/abs/2020MNRAS.498.1668W},
      adsnote = {Provided by the SAO/NASA Astrophysics Data System}
}

@ARTICLE{2020ApJ...898..148L,
       author = {{Li}, Miao and {Tonnesen}, Stephanie},
        title = "{How Do Supernovae Impact the Circumgalactic Medium? I. Large-scale Fountains around a Milky Way-like Galaxy}",
      journal = {\apj},
     keywords = {Galaxy formation, Milky Way formation, Galaxy evolution, Milky Way evolution, Circumgalactic medium, Hydrodynamical simulations, Galactic winds, Disk galaxies, Supernova remnants, Chemical enrichment, 595, 1053, 594, 1052, 1879, 767, 572, 391, 1667, 225, Astrophysics - Astrophysics of Galaxies, Astrophysics - High Energy Astrophysical Phenomena},
         year = 2020,
        month = {aug},
       volume = {898},
       number = {2},
          eid = {148},
        pages = {148},
          doi = {10.3847/1538-4357/ab9f9f},
archivePrefix = {arXiv},
       arxivid = {1910.14235},
       eprint = {1910.14235},
 primaryClass = {astro-ph.GA},
       adsurl = {https://ui.adsabs.harvard.edu/abs/2020ApJ...898..148L},
      adsnote = {Provided by the SAO/NASA Astrophysics Data System}
}

@ARTICLE{2020MNRAS.496.4221J,
       author = {{Ji}, Suoqing and {Chan}, T.~K. and {Hummels}, Cameron B. and
         {Hopkins}, Philip F. and {Stern}, Jonathan and
         {Kere{\v{s}}}, Du{\v{s}}an and {Quataert}, Eliot and
         {Faucher-Gigu{\`e}re}, Claude-Andr{\'e} and {Murray}, Norman},
        title = "{Properties of the circumgalactic medium in cosmic ray-dominated galaxy haloes}",
      journal = {\mnras},
     keywords = {galaxies: active, galaxies: evolution, galaxies: formation, cosmology: theory, stars: formation, Astrophysics - Astrophysics of Galaxies, Astrophysics - Cosmology and Nongalactic Astrophysics, Astrophysics - High Energy Astrophysical Phenomena},
         year = 2020,
        month = {jun},
       volume = {496},
       number = {4},
        pages = {4221-4238},
          doi = {10.1093/mnras/staa1849},
archivePrefix = {arXiv},
       arxivid = {1909.00003},
       eprint = {1909.00003},
 primaryClass = {astro-ph.GA},
       adsurl = {https://ui.adsabs.harvard.edu/abs/2020MNRAS.496.4221J},
      adsnote = {Provided by the SAO/NASA Astrophysics Data System}
}

@ARTICLE{2020MNRAS.496..152R,
       author = {{R{\"o}ttgers}, Bernhard and {Naab}, Thorsten and {Cernetic}, Miha and
         {Dav{\'e}}, Romeel and {Kauffmann}, Guinevere and
         {Borthakur}, Sanchayeeta and {Foidl}, Horst},
        title = "{Lyman {\ensuremath{\alpha}} absorption beyond the disc of simulated spiral galaxies}",
      journal = {\mnras},
     keywords = {line: profiles, Galaxy: formation, quasars: absorption lines, Circumstellar matter, Astrophysics - Astrophysics of Galaxies},
         year = 2020,
        month = {jun},
       volume = {496},
       number = {1},
        pages = {152-168},
          doi = {10.1093/mnras/staa1490},
archivePrefix = {arXiv},
       arxivid = {2005.08580},
       eprint = {2005.08580},
 primaryClass = {astro-ph.GA},
       adsurl = {https://ui.adsabs.harvard.edu/abs/2020MNRAS.496..152R},
      adsnote = {Provided by the SAO/NASA Astrophysics Data System}
}

@ARTICLE{2020arXiv200616317P,
       author = {{Pandya}, Viraj and {Somerville}, Rachel S. and
         {Angl{\'e}s-Alc{\'a}zar}, Daniel and {Hayward}, Christopher C. and
         {Bryan}, Greg L. and {Fielding}, Drummond B. and {Forbes}, John C. and
         {Burkhart}, Blakesley and {Genel}, Shy and {Hernquist}, Lars and
         {Kim}, Chang-Goo and {Tonnesen}, Stephanie and {Starkenburg}, Tjitske},
        title = "{First results from SMAUG: The need for preventative stellar feedback and improved baryon cycling in semi-analytic models of galaxy formation}",
      journal = {arXiv e-prints},
     keywords = {Astrophysics - Astrophysics of Galaxies},
         year = 2020,
        month = {jun},
          eid = {arXiv:2006.16317},
        pages = {arXiv:2006.16317},
archivePrefix = {arXiv},
       arxivid = {2006.16317},
       eprint = {2006.16317},
 primaryClass = {astro-ph.GA},
       adsurl = {https://ui.adsabs.harvard.edu/abs/2020arXiv200616317P},
      adsnote = {Provided by the SAO/NASA Astrophysics Data System}
}

@ARTICLE{2020arXiv200613976S,
       author = {{Stern}, Jonathan and {Faucher-Gigu{\`e}re}, Claude-Andr{\'e} and
         {Fielding}, Drummond and {Quataert}, Eliot and {Hafen}, Zachary and
         {Gurvich}, Alexander B. and {Ma}, Xiangcheng and {Byrne}, Lindsey and
         {El-Badry}, Kareem and {Angl{\'e}s-Alc{\'a}zar}, Daniel and
         {Chan}, T.~K. and {Feldmann}, Robert and {Kere{\v{s}}}, Du{\v{s}}an and
         {Wetzel}, Andrew and {Murray}, Norman and {Hopkins}, Philip F.},
        title = "{Virialization of the inner CGM in the FIRE simulations and implications for galaxy discs, star formation and feedback}",
      journal = {arXiv e-prints},
     keywords = {Astrophysics - Astrophysics of Galaxies},
         year = 2020,
        month = {jun},
          eid = {arXiv:2006.13976},
        pages = {arXiv:2006.13976},
archivePrefix = {arXiv},
       arxivid = {2006.13976},
       eprint = {2006.13976},
 primaryClass = {astro-ph.GA},
       adsurl = {https://ui.adsabs.harvard.edu/abs/2020arXiv200613976S},
      adsnote = {Provided by the SAO/NASA Astrophysics Data System}
}

@ARTICLE{2020arXiv200613945E,
       author = {{Esmerian}, Clarke J. and {Kravtsov}, Andrey V. and {Hafen}, Zachary and
         {Faucher-Giguere}, Claude-Andre and {Quataert}, Eliot and
         {Stern}, Jonathan and {Keres}, Dusan and {Wetzel}, Andrew},
        title = "{Thermal Instability in the CGM of $L_{\star}$ Galaxies: Testing ``Precipitation'' Models with the FIRE Simulations}",
      journal = {arXiv e-prints},
     keywords = {Astrophysics - Astrophysics of Galaxies},
         year = 2020,
        month = {jun},
          eid = {arXiv:2006.13945},
        pages = {arXiv:2006.13945},
archivePrefix = {arXiv},
       arxivid = {2006.13945},
       eprint = {2006.13945},
 primaryClass = {astro-ph.GA},
       adsurl = {https://ui.adsabs.harvard.edu/abs/2020arXiv200613945E},
      adsnote = {Provided by the SAO/NASA Astrophysics Data System}
}

@ARTICLE{2020arXiv200600006M,
       author = {{Mortensen}, Kris and {Keerthi Vasan G.}, C. and {Jones}, Tucker and
         {Faucher-Giguere}, Claude-Andre and {Sanders}, Ryan and
         {Ellis}, Richard S. and {Leethochawalit}, Nicha and {Stark}, Daniel P.},
        title = "{Kinematics of the Circumgalactic Medium of a $z = 0.77$ Galaxy from MgII Tomography}",
      journal = {arXiv e-prints},
     keywords = {Astrophysics - Astrophysics of Galaxies},
         year = 2020,
        month = {may},
          eid = {arXiv:2006.00006},
        pages = {arXiv:2006.00006},
archivePrefix = {arXiv},
       arxivid = {2006.00006},
       eprint = {2006.00006},
 primaryClass = {astro-ph.GA},
       adsurl = {https://ui.adsabs.harvard.edu/abs/2020arXiv200600006M},
      adsnote = {Provided by the SAO/NASA Astrophysics Data System}
}

@ARTICLE{2020MNRAS.494.3581H,
       author = {{Hafen}, Zachary and {Faucher-Gigu{\`e}re}, Claude-Andr{\'e} and
         {Angl{\'e}s-Alc{\'a}zar}, Daniel and {Stern}, Jonathan and
         {Kere{\v{s}}}, Du{\v{s}}an and {Esmerian}, Clarke and {Wetzel}, Andrew and
         {El-Badry}, Kareem and {Chan}, T.~K. and {Murray}, Norman},
        title = "{The fates of the circumgalactic medium in the FIRE simulations}",
      journal = {\mnras},
     keywords = {galaxies: formation, galaxies: evolution, galaxies: haloes, intergalactic medium, cosmology: theory, Astrophysics - Astrophysics of Galaxies},
         year = 2020,
        month = {apr},
       volume = {494},
       number = {3},
        pages = {3581-3595},
          doi = {10.1093/mnras/staa902},
archivePrefix = {arXiv},
       arxivid = {1910.01123},
       eprint = {1910.01123},
 primaryClass = {astro-ph.GA},
       adsurl = {https://ui.adsabs.harvard.edu/abs/2020MNRAS.494.3581H},
      adsnote = {Provided by the SAO/NASA Astrophysics Data System}
}

@ARTICLE{2020MNRAS.492.6042S,
       author = {{Stern}, Jonathan and {Fielding}, Drummond and
         {Faucher-Gigu{\`e}re}, Claude-Andr{\'e} and {Quataert}, Eliot},
        title = "{The maximum accretion rate of hot gas in dark matter haloes}",
      journal = {\mnras},
     keywords = {galaxies: formation, Astrophysics - Astrophysics of Galaxies, Astrophysics - Cosmology and Nongalactic Astrophysics},
         year = 2020,
        month = {mar},
       volume = {492},
       number = {4},
        pages = {6042-6058},
          doi = {10.1093/mnras/staa198},
archivePrefix = {arXiv},
       arxivid = {1909.07402},
       eprint = {1909.07402},
 primaryClass = {astro-ph.GA},
       adsurl = {https://ui.adsabs.harvard.edu/abs/2020MNRAS.492.6042S},
      adsnote = {Provided by the SAO/NASA Astrophysics Data System}
}

@ARTICLE{2020MNRAS.491.6102B,
       author = {{Borrow}, Josh and {Angl{\'e}s-Alc{\'a}zar}, Daniel and
         {Dav{\'e}}, Romeel},
        title = "{Cosmological baryon transfer in the SIMBA simulations}",
      journal = {\mnras},
     keywords = {galaxies: evolution, galaxies: formation, Astrophysics - Astrophysics of Galaxies},
         year = 2020,
        month = {feb},
       volume = {491},
       number = {4},
        pages = {6102-6119},
          doi = {10.1093/mnras/stz3428},
archivePrefix = {arXiv},
       arxivid = {1910.00594},
       eprint = {1910.00594},
 primaryClass = {astro-ph.GA},
       adsurl = {https://ui.adsabs.harvard.edu/abs/2020MNRAS.491.6102B},
      adsnote = {Provided by the SAO/NASA Astrophysics Data System}
}

@ARTICLE{2020arXiv200202462H,
       author = {{Hopkins}, Philip F. and {Chan}, T.~K. and {Ji}, Suoqing and
         {Hummels}, Cameron and {Keres}, Dusan and {Quataert}, Eliot and
         {Faucher-Giguere}, Claude-Andre},
        title = "{Cosmic-Ray Driven Outflows to Mpc Scales from $L_{\ast}$ Galaxies}",
      journal = {arXiv e-prints},
     keywords = {Astrophysics - Astrophysics of Galaxies, Astrophysics - Cosmology and Nongalactic Astrophysics, Astrophysics - High Energy Astrophysical Phenomena},
         year = 2020,
        month = {feb},
          eid = {arXiv:2002.02462},
        pages = {arXiv:2002.02462},
archivePrefix = {arXiv},
       arxivid = {2002.02462},
       eprint = {2002.02462},
 primaryClass = {astro-ph.GA},
       adsurl = {https://ui.adsabs.harvard.edu/abs/2020arXiv200202462H},
      adsnote = {Provided by the SAO/NASA Astrophysics Data System}
}

@ARTICLE{2019ApJ...885...61R,
       author = {{Rudie}, Gwen C. and {Steidel}, Charles C. and {Pettini}, Max and
         {Trainor}, Ryan F. and {Strom}, Allison L. and {Hummels}, Cameron B. and
         {Reddy}, Naveen A. and {Shapley}, Alice E.},
        title = "{Column Density, Kinematics, and Thermal State of Metal-bearing Gas within the Virial Radius of z {\ensuremath{\sim}} 2 Star-forming Galaxies in the Keck Baryonic Structure Survey}",
      journal = {\apj},
     keywords = {galaxies: evolution, galaxies: formation, galaxies: high-redshift, intergalactic medium, quasars: absorption lines, Astrophysics - Astrophysics of Galaxies},
         year = 2019,
        month = {nov},
       volume = {885},
       number = {1},
          eid = {61},
        pages = {61},
          doi = {10.3847/1538-4357/ab4255},
archivePrefix = {arXiv},
       arxivid = {1903.00004},
       eprint = {1903.00004},
 primaryClass = {astro-ph.GA},
       adsurl = {https://ui.adsabs.harvard.edu/abs/2019ApJ...885...61R},
      adsnote = {Provided by the SAO/NASA Astrophysics Data System}
}

@ARTICLE{2019MNRAS.488.2549S,
       author = {{Stern}, Jonathan and {Fielding}, Drummond and
         {Faucher-Gigu{\`e}re}, Claude-Andr{\'e} and {Quataert}, Eliot},
        title = "{Cooling flow solutions for the circumgalactic medium}",
      journal = {\mnras},
     keywords = {galaxies: evolution, Astrophysics - Astrophysics of Galaxies, Astrophysics - Cosmology and Nongalactic Astrophysics},
         year = 2019,
        month = {sep},
       volume = {488},
       number = {2},
        pages = {2549-2572},
          doi = {10.1093/mnras/stz1859},
archivePrefix = {arXiv},
       arxivid = {1906.07737},
       eprint = {1906.07737},
 primaryClass = {astro-ph.GA},
       adsurl = {https://ui.adsabs.harvard.edu/abs/2019MNRAS.488.2549S},
      adsnote = {Provided by the SAO/NASA Astrophysics Data System}
}

@ARTICLE{2019MNRAS.486.2827D,
       author = {{Dav{\'e}}, Romeel and {Angl{\'e}s-Alc{\'a}zar}, Daniel and
         {Narayanan}, Desika and {Li}, Qi and {Rafieferantsoa}, Mika H. and
         {Appleby}, Sarah},
        title = "{SIMBA: Cosmological simulations with black hole growth and feedback}",
      journal = {\mnras},
     keywords = {galaxies: evolution, galaxies: formation, Astrophysics - Astrophysics of Galaxies, Astrophysics - Cosmology and Nongalactic Astrophysics},
         year = 2019,
        month = {jun},
       volume = {486},
       number = {2},
        pages = {2827-2849},
          doi = {10.1093/mnras/stz937},
archivePrefix = {arXiv},
       arxivid = {1901.10203},
       eprint = {1901.10203},
 primaryClass = {astro-ph.GA},
       adsurl = {https://ui.adsabs.harvard.edu/abs/2019MNRAS.486.2827D},
      adsnote = {Provided by the SAO/NASA Astrophysics Data System}
}

@ARTICLE{2019ApJ...877L..20B,
       author = {{Burchett}, Joseph N. and {Tripp}, Todd M. and {Prochaska}, J. Xavier and
         {Werk}, Jessica K. and {Tumlinson}, Jason and {Howk}, J. Christopher and
         {Willmer}, Christopher N.~A. and {Lehner}, Nicolas and
         {Meiring}, Joseph D. and {Bowen}, David V. and {Bordoloi}, Rongmon and
         {Peeples}, Molly S. and {Jenkins}, Edward B. and {O'Meara}, John M. and
         {Tejos}, Nicolas and {Katz}, Neal},
        title = "{The COS Absorption Survey of Baryon Harbors (CASBaH): Warm-Hot Circumgalactic Gas Reservoirs Traced by Ne VIII Absorption}",
      journal = {\apjl},
     keywords = {galaxies: evolution, galaxies: halos, intergalactic medium, quasars: absorption lines, Astrophysics - Astrophysics of Galaxies, Astrophysics - Cosmology and Nongalactic Astrophysics},
         year = 2019,
        month = {jun},
       volume = {877},
       number = {2},
          eid = {L20},
        pages = {L20},
          doi = {10.3847/2041-8213/ab1f7f},
archivePrefix = {arXiv},
       arxivid = {1810.06560},
       eprint = {1810.06560},
 primaryClass = {astro-ph.GA},
       adsurl = {https://ui.adsabs.harvard.edu/abs/2019ApJ...877L..20B},
      adsnote = {Provided by the SAO/NASA Astrophysics Data System}
}

@ARTICLE{2019MNRAS.485.2511T,
       author = {{Tollet}, {\'E}douard and {Cattaneo}, Andrea and
         {Macci{\`o}}, Andrea V. and {Dutton}, Aaron A. and {Kang}, Xi},
        title = "{NIHAO XIX: how supernova feedback shapes the galaxy baryon cycle}",
      journal = {\mnras},
     keywords = {supernovae: general, ISM: jets and outflows, galaxies: evolution, galaxies: formation, Astrophysics - Astrophysics of Galaxies},
         year = 2019,
        month = {may},
       volume = {485},
       number = {2},
        pages = {2511-2531},
          doi = {10.1093/mnras/stz545},
archivePrefix = {arXiv},
       arxivid = {1902.03888},
       eprint = {1902.03888},
 primaryClass = {astro-ph.GA},
       adsurl = {https://ui.adsabs.harvard.edu/abs/2019MNRAS.485.2511T},
      adsnote = {Provided by the SAO/NASA Astrophysics Data System}
}

@ARTICLE{2019ApJ...875...54H,
       author = {{Ho}, Stephanie H. and {Martin}, Crystal L. and {Turner}, Monica L.},
        title = "{How Gas Accretion Feeds Galactic Disks}",
      journal = {\apj},
     keywords = {galaxies: evolution, galaxies: formation, galaxies: halos, quasars: absorption lines, Astrophysics - Astrophysics of Galaxies},
         year = 2019,
        month = {apr},
       volume = {875},
       number = {1},
          eid = {54},
        pages = {54},
          doi = {10.3847/1538-4357/ab0ec2},
archivePrefix = {arXiv},
       arxivid = {1903.06840},
       eprint = {1903.06840},
 primaryClass = {astro-ph.GA},
       adsurl = {https://ui.adsabs.harvard.edu/abs/2019ApJ...875...54H},
      adsnote = {Provided by the SAO/NASA Astrophysics Data System}
}

@ARTICLE{2018ApJ...867..142C,
       author = {{Christensen}, Charlotte R. and {Dav{\'e}}, Romeel and {Brooks}, Alyson and
         {Quinn}, Thomas and {Shen}, Sijing},
        title = "{Tracing Outflowing Metals in Simulations of Dwarf and Spiral Galaxies}",
      journal = {\apj},
     keywords = {galaxies: abundances, galaxies: evolution, intergalactic medium, methods: numerical, Astrophysics - Astrophysics of Galaxies},
         year = 2018,
        month = {nov},
       volume = {867},
       number = {2},
          eid = {142},
        pages = {142},
          doi = {10.3847/1538-4357/aae374},
archivePrefix = {arXiv},
       arxivid = {1808.07872},
       eprint = {1808.07872},
 primaryClass = {astro-ph.GA},
       adsurl = {https://ui.adsabs.harvard.edu/abs/2018ApJ...867..142C},
      adsnote = {Provided by the SAO/NASA Astrophysics Data System}
}

@ARTICLE{2018MNRAS.480..800H,
       author = {{Hopkins}, Philip F. and {Wetzel}, Andrew and
         {Kere{\v{s}}}, Du{\v{s}}an and {Faucher-Gigu{\`e}re}, Claude-Andr{\'e} and
         {Quataert}, Eliot and {Boylan-Kolchin}, Michael and {Murray}, Norman and
         {Hayward}, Christopher C. and {Garrison-Kimmel}, Shea and
         {Hummels}, Cameron and {Feldmann}, Robert and {Torrey}, Paul and
         {Ma}, Xiangcheng and {Angl{\'e}s-Alc{\'a}zar}, Daniel and
         {Su}, Kung-Yi and {Orr}, Matthew and {Schmitz}, Denise and
         {Escala}, Ivanna and {Sanderson}, Robyn and {Grudi{\'c}}, Michael Y. and
         {Hafen}, Zachary and {Kim}, Ji-Hoon and {Fitts}, Alex and
         {Bullock}, James S. and {Wheeler}, Coral and {Chan}, T.~K. and
         {Elbert}, Oliver D. and {Narayanan}, Desika},
        title = "{FIRE-2 simulations: physics versus numerics in galaxy formation}",
      journal = {\mnras},
     keywords = {methods: numerical, stars: formation, galaxies: active, galaxies: evolution, galaxies: formation, cosmology: theory, Astrophysics - Astrophysics of Galaxies, Astrophysics - Cosmology and Nongalactic Astrophysics, Astrophysics - Instrumentation and Methods for Astrophysics},
         year = 2018,
        month = {oct},
       volume = {480},
       number = {1},
        pages = {800-863},
          doi = {10.1093/mnras/sty1690},
archivePrefix = {arXiv},
       arxivid = {1702.06148},
       eprint = {1702.06148},
 primaryClass = {astro-ph.GA},
       adsurl = {https://ui.adsabs.harvard.edu/abs/2018MNRAS.480..800H},
      adsnote = {Provided by the SAO/NASA Astrophysics Data System}
}

@ARTICLE{2018ApJ...865...91S,
       author = {{Stern}, Jonathan and {Faucher-Gigu{\`e}re}, Claude-Andr{\'e} and
         {Hennawi}, Joseph F. and {Hafen}, Zachary and {Johnson}, Sean D. and
         {Fielding}, Drummond},
        title = "{Does Circumgalactic O VI Trace Low-pressure Gas Beyond the Accretion Shock? Clues from H I and Low-ion Absorption, Line Kinematics, and Dust Extinction}",
      journal = {\apj},
     keywords = {galaxies: halos, intergalactic medium, quasars: absorption lines, Astrophysics - Astrophysics of Galaxies, Astrophysics - Cosmology and Nongalactic Astrophysics},
         year = 2018,
        month = {oct},
       volume = {865},
       number = {2},
          eid = {91},
        pages = {91},
          doi = {10.3847/1538-4357/aac884},
archivePrefix = {arXiv},
       arxivid = {1803.05446},
       eprint = {1803.05446},
 primaryClass = {astro-ph.GA},
       adsurl = {https://ui.adsabs.harvard.edu/abs/2018ApJ...865...91S},
      adsnote = {Provided by the SAO/NASA Astrophysics Data System}
}

@ARTICLE{2018MNRAS.479.2547C,
       author = {{Chen}, Hsiao-Wen and {Zahedy}, Fakhri S. and {Johnson}, Sean D. and
         {Pierce}, Rebecca M. and {Huang}, Yun-Hsin and {Weiner}, Benjamin J. and
         {Gauthier}, Jean-Ren{\'e}},
        title = "{Characterizing circumgalactic gas around massive ellipticals at z {\ensuremath{\sim}} 0.4 - I. Initial results}",
      journal = {\mnras},
     keywords = {surveys, galaxies: elliptical and lenticular, cD, galaxies: formation, galaxies: haloes, intergalactic medium, quasars: absorption lines, Astrophysics - Astrophysics of Galaxies},
         year = 2018,
        month = {sep},
       volume = {479},
       number = {2},
        pages = {2547-2563},
          doi = {10.1093/mnras/sty1541},
archivePrefix = {arXiv},
       arxivid = {1805.07364},
       eprint = {1805.07364},
 primaryClass = {astro-ph.GA},
       adsurl = {https://ui.adsabs.harvard.edu/abs/2018MNRAS.479.2547C},
      adsnote = {Provided by the SAO/NASA Astrophysics Data System}
}

@ARTICLE{2018ApJ...863...49B,
       author = {{Bustard}, Chad and {Pardy}, Stephen A. and {D'Onghia}, Elena and
         {Zweibel}, Ellen G. and {Gallagher}, J.~S., III},
        title = "{The Fate of Supernova-heated Gas in Star-forming Regions of the LMC: Lessons for Galaxy Formation?}",
      journal = {\apj},
     keywords = {galaxies: dwarf, galaxies: evolution, galaxies: starburst, Magellanic Clouds, Astrophysics - Astrophysics of Galaxies},
         year = 2018,
        month = {aug},
       volume = {863},
       number = {1},
          eid = {49},
        pages = {49},
          doi = {10.3847/1538-4357/aad08f},
archivePrefix = {arXiv},
       arxivid = {1802.07263},
       eprint = {1802.07263},
 primaryClass = {astro-ph.GA},
       adsurl = {https://ui.adsabs.harvard.edu/abs/2018ApJ...863...49B},
      adsnote = {Provided by the SAO/NASA Astrophysics Data System}
}

@ARTICLE{2018MNRAS.474.2194E,
       author = {{Escala}, Ivanna and {Wetzel}, Andrew and {Kirby}, Evan N. and
         {Hopkins}, Philip F. and {Ma}, Xiangcheng and {Wheeler}, Coral and
         {Kere{\v{s}}}, Du{\v{s}}an and {Faucher-Gigu{\`e}re}, Claude-Andr{\'e} and
         {Quataert}, Eliot},
        title = "{Modelling chemical abundance distributions for dwarf galaxies in the Local Group: the impact of turbulent metal diffusion}",
      journal = {\mnras},
     keywords = {diffusion, methods: numerical, galaxies: abundances, galaxies: dwarf, Local Group, Astrophysics - Astrophysics of Galaxies},
         year = 2018,
        month = {feb},
       volume = {474},
       number = {2},
        pages = {2194-2211},
          doi = {10.1093/mnras/stx2858},
archivePrefix = {arXiv},
       arxivid = {1710.06533},
       eprint = {1710.06533},
 primaryClass = {astro-ph.GA},
       adsurl = {https://ui.adsabs.harvard.edu/abs/2018MNRAS.474.2194E},
      adsnote = {Provided by the SAO/NASA Astrophysics Data System}
}

@ARTICLE{2018MNRAS.473.1930E,
       author = {{El-Badry}, Kareem and {Quataert}, Eliot and {Wetzel}, Andrew and
         {Hopkins}, Philip F. and {Weisz}, Daniel R. and {Chan}, T.~K. and
         {Fitts}, Alex and {Boylan-Kolchin}, Michael and
         {Kere{\v{s}}}, Du{\v{s}}an and {Faucher-Gigu{\`e}re}, Claude-Andr{\'e} and
         {Garrison-Kimmel}, Shea},
        title = "{Gas kinematics, morphology and angular momentum in the FIRE simulations}",
      journal = {\mnras},
     keywords = {galaxies: dwarf, galaxies: irregular, galaxies: kinematics and dynamics, Astrophysics - Astrophysics of Galaxies},
         year = 2018,
        month = {jan},
       volume = {473},
       number = {2},
        pages = {1930-1955},
          doi = {10.1093/mnras/stx2482},
archivePrefix = {arXiv},
       arxivid = {1705.10321},
       eprint = {1705.10321},
 primaryClass = {astro-ph.GA},
       adsurl = {https://ui.adsabs.harvard.edu/abs/2018MNRAS.473.1930E},
      adsnote = {Provided by the SAO/NASA Astrophysics Data System}
}

@ARTICLE{2018ApJ...852...33M,
       author = {{McQuinn}, Matthew and {Werk}, Jessica K.},
        title = "{Implications of the Large O VI Columns around Low-redshift L $_{{\ensuremath{*}}}$ Galaxies}",
      journal = {\apj},
     keywords = {cosmology: theory, large-scale structure of universe, quasars: absorption lines, Astrophysics - Astrophysics of Galaxies},
         year = 2018,
        month = {jan},
       volume = {852},
       number = {1},
          eid = {33},
        pages = {33},
          doi = {10.3847/1538-4357/aa9d3f},
archivePrefix = {arXiv},
       arxivid = {1703.03422},
       eprint = {1703.03422},
 primaryClass = {astro-ph.GA},
       adsurl = {https://ui.adsabs.harvard.edu/abs/2018ApJ...852...33M},
      adsnote = {Provided by the SAO/NASA Astrophysics Data System}
}

@ARTICLE{2017ApJ...850L..10J,
       author = {{Johnson}, Sean D. and {Chen}, Hsiao-Wen and {Mulchaey}, John S. and
         {Schaye}, Joop and {Straka}, Lorrie A.},
        title = "{The Extent of Chemically Enriched Gas around Star-forming Dwarf Galaxies}",
      journal = {\apjl},
     keywords = {galaxies: dwarf, galaxies: halos, intergalactic medium, quasars: absorption lines, Astrophysics - Astrophysics of Galaxies},
         year = 2017,
        month = {nov},
       volume = {850},
       number = {1},
          eid = {L10},
        pages = {L10},
          doi = {10.3847/2041-8213/aa9370},
archivePrefix = {arXiv},
       arxivid = {1710.06441},
       eprint = {1710.06441},
 primaryClass = {astro-ph.GA},
       adsurl = {https://ui.adsabs.harvard.edu/abs/2017ApJ...850L..10J},
      adsnote = {Provided by the SAO/NASA Astrophysics Data System}
}

@ARTICLE{2017MNRAS.470.4698A,
       author = {{Angl{\'e}s-Alc{\'a}zar}, Daniel and
         {Faucher-Gigu{\`e}re}, Claude-Andr{\'e} and {Kere{\v{s}}}, Du{\v{s}}an and
         {Hopkins}, Philip F. and {Quataert}, Eliot and {Murray}, Norman},
        title = "{The cosmic baryon cycle and galaxy mass assembly in the FIRE simulations}",
      journal = {\mnras},
     keywords = {galaxies: evolution, galaxies: formation, galaxies: star formation, intergalactic medium, cosmology: theory, Astrophysics - Astrophysics of Galaxies, Astrophysics - Cosmology and Nongalactic Astrophysics},
         year = 2017,
        month = {oct},
       volume = {470},
       number = {4},
        pages = {4698-4719},
          doi = {10.1093/mnras/stx1517},
archivePrefix = {arXiv},
       arxivid = {1610.08523},
       eprint = {1610.08523},
 primaryClass = {astro-ph.GA},
       adsurl = {https://ui.adsabs.harvard.edu/abs/2017MNRAS.470.4698A},
      adsnote = {Provided by the SAO/NASA Astrophysics Data System}
}

@ARTICLE{2017ApJ...846L..24M,
       author = {{Mathews}, William G. and {Prochaska}, J. Xavier},
        title = "{Circumgalactic Oxygen Absorption and Feedback}",
      journal = {\apjl},
     keywords = {galaxies: abundances, quasars: absorption lines, Astrophysics - Astrophysics of Galaxies},
         year = 2017,
        month = {sep},
       volume = {846},
       number = {2},
          eid = {L24},
        pages = {L24},
          doi = {10.3847/2041-8213/aa8861},
archivePrefix = {arXiv},
       arxivid = {1708.07140},
       eprint = {1708.07140},
 primaryClass = {astro-ph.GA},
       adsurl = {https://ui.adsabs.harvard.edu/abs/2017ApJ...846L..24M},
      adsnote = {Provided by the SAO/NASA Astrophysics Data System}
}

@ARTICLE{2017MNRAS.469.2292H,
       author = {{Hafen}, Zachary and {Faucher-Gigu{\`e}re}, Claude-Andr{\'e} and
         {Angl{\'e}s-Alc{\'a}zar}, Daniel and {Kere{\v{s}}}, Du{\v{s}}an and
         {Feldmann}, Robert and {Chan}, T.~K. and {Quataert}, Eliot and
         {Murray}, Norman and {Hopkins}, Philip F.},
        title = "{Low-redshift Lyman limit systems as diagnostics of cosmological inflows and outflows}",
      journal = {\mnras},
     keywords = {galaxies: evolution, galaxies: formation, galaxies: haloes, intergalactic medium, quasars: absorption lines, cosmology: theory, Astrophysics - Astrophysics of Galaxies, Astrophysics - Cosmology and Nongalactic Astrophysics},
         year = 2017,
        month = {aug},
       volume = {469},
       number = {2},
        pages = {2292-2304},
          doi = {10.1093/mnras/stx952},
archivePrefix = {arXiv},
       arxivid = {1608.05712},
       eprint = {1608.05712},
 primaryClass = {astro-ph.GA},
       adsurl = {https://ui.adsabs.harvard.edu/abs/2017MNRAS.469.2292H},
      adsnote = {Provided by the SAO/NASA Astrophysics Data System}
}

@ARTICLE{2017ARA&A..55..389T,
       author = {{Tumlinson}, Jason and {Peeples}, Molly S. and {Werk}, Jessica K.},
        title = "{The Circumgalactic Medium}",
      journal = {\araa},
     keywords = {Astrophysics - Astrophysics of Galaxies},
         year = 2017,
        month = {aug},
       volume = {55},
       number = {1},
        pages = {389-432},
          doi = {10.1146/annurev-astro-091916-055240},
archivePrefix = {arXiv},
       arxivid = {1709.09180},
       eprint = {1709.09180},
 primaryClass = {astro-ph.GA},
       adsurl = {https://ui.adsabs.harvard.edu/abs/2017ARA&A..55..389T},
      adsnote = {Provided by the SAO/NASA Astrophysics Data System}
}

@ARTICLE{2017MNRAS.468.4170M,
       author = {{Muratov}, Alexander L. and {Kere{\v{s}}}, Du{\v{s}}an and
         {Faucher-Gigu{\`e}re}, Claude-Andr{\'e} and {Hopkins}, Philip F. and
         {Ma}, Xiangcheng and {Angl{\'e}s-Alc{\'a}zar}, Daniel and
         {Chan}, T.~K. and {Torrey}, Paul and {Hafen}, Zachary H. and
         {Quataert}, Eliot and {Murray}, Norman},
        title = "{Metal flows of the circumgalactic medium, and the metal budget in galactic haloes}",
      journal = {\mnras},
     keywords = {stars: formation, galaxies: evolution, galaxies: formation, cosmology: theory, Astrophysics - Astrophysics of Galaxies},
         year = 2017,
        month = {jul},
       volume = {468},
       number = {4},
        pages = {4170-4188},
          doi = {10.1093/mnras/stx667},
archivePrefix = {arXiv},
       arxivid = {1606.09252},
       eprint = {1606.09252},
 primaryClass = {astro-ph.GA},
       adsurl = {https://ui.adsabs.harvard.edu/abs/2017MNRAS.468.4170M},
      adsnote = {Provided by the SAO/NASA Astrophysics Data System}
}

@ARTICLE{2017ApJ...843...47S,
       author = {{Stewart}, Kyle R. and {Maller}, Ariyeh H. and {O{\~n}orbe}, Jose and
         {Bullock}, James S. and {Joung}, M. Ryan and {Devriendt}, Julien and
         {Ceverino}, Daniel and {Kere{\v{s}}}, Du{\v{s}}an and
         {Hopkins}, Philip F. and {Faucher-Gigu{\`e}re}, Claude-Andr{\'e}},
        title = "{High Angular Momentum Halo Gas: A Feedback and Code-independent Prediction of LCDM}",
      journal = {\apj},
     keywords = {galaxies: evolution, galaxies: formation, galaxies: halos, hydrodynamics, methods: numerical, Astrophysics - Astrophysics of Galaxies},
         year = 2017,
        month = {jul},
       volume = {843},
       number = {1},
          eid = {47},
        pages = {47},
          doi = {10.3847/1538-4357/aa6dff},
archivePrefix = {arXiv},
       arxivid = {1606.08542},
       eprint = {1606.08542},
 primaryClass = {astro-ph.GA},
       adsurl = {https://ui.adsabs.harvard.edu/abs/2017ApJ...843...47S},
      adsnote = {Provided by the SAO/NASA Astrophysics Data System}
}

@ARTICLE{2017ApJS..230....6K,
       author = {{Keeney}, Brian A. and {Stocke}, John T. and {Danforth}, Charles W. and
         {Shull}, J. Michael and {Pratt}, Cameron T. and {Froning}, Cynthia S. and
         {Green}, James C. and {Penton}, Steven V. and {Savage}, Blair D.},
        title = "{Characterizing the Circumgalactic Medium of Nearby Galaxies with HST/COS and HST/STIS Absorption-line Spectroscopy. II. Methods and Models}",
      journal = {\apjs},
     keywords = {galaxies: dwarf, galaxies: groups: general, galaxies: halos, galaxies: spiral, intergalactic medium, quasars: absorption lines, Astrophysics - Astrophysics of Galaxies, Astrophysics - Cosmology and Nongalactic Astrophysics},
         year = 2017,
        month = {may},
       volume = {230},
       number = {1},
          eid = {6},
        pages = {6},
          doi = {10.3847/1538-4365/aa6b59},
archivePrefix = {arXiv},
       arxivid = {1704.00235},
       eprint = {1704.00235},
 primaryClass = {astro-ph.GA},
       adsurl = {https://ui.adsabs.harvard.edu/abs/2017ApJS..230....6K},
      adsnote = {Provided by the SAO/NASA Astrophysics Data System}
}

@ARTICLE{2017MNRAS.466.3810F,
       author = {{Fielding}, Drummond and {Quataert}, Eliot and {McCourt}, Michael and
         {Thompson}, Todd A.},
        title = "{The impact of star formation feedback on the circumgalactic medium}",
      journal = {\mnras},
     keywords = {galaxies: evolution, galaxies: formation, galaxies: haloes, intergalactic medium, quasars: absorption lines, cosmology: theory, Astrophysics - Astrophysics of Galaxies, Astrophysics - Cosmology and Nongalactic Astrophysics},
         year = 2017,
        month = {apr},
       volume = {466},
       number = {4},
        pages = {3810-3826},
          doi = {10.1093/mnras/stw3326},
archivePrefix = {arXiv},
       arxivid = {1606.06734},
       eprint = {1606.06734},
 primaryClass = {astro-ph.GA},
       adsurl = {https://ui.adsabs.harvard.edu/abs/2017MNRAS.466.3810F},
      adsnote = {Provided by the SAO/NASA Astrophysics Data System}
}

@ARTICLE{2017MNRAS.466.3387H,
       author = {{Hopkins}, Philip F.},
        title = "{Anisotropic diffusion in mesh-free numerical magnetohydrodynamics}",
      journal = {\mnras},
     keywords = {conduction, diffusion, hydrodynamics, instabilities, MHD, methods: numerical, Astrophysics - Instrumentation and Methods for Astrophysics, Astrophysics - Solar and Stellar Astrophysics, Physics - Computational Physics},
         year = 2017,
        month = {apr},
       volume = {466},
       number = {3},
        pages = {3387-3405},
          doi = {10.1093/mnras/stw3306},
archivePrefix = {arXiv},
       arxivid = {1602.07703},
       eprint = {1602.07703},
 primaryClass = {astro-ph.IM},
       adsurl = {https://ui.adsabs.harvard.edu/abs/2017MNRAS.466.3387H},
      adsnote = {Provided by the SAO/NASA Astrophysics Data System}
}

@ARTICLE{2017ApJ...837..102S,
       author = {{Skillman}, Evan D. and {Monelli}, Matteo and {Weisz}, Daniel R. and
         {Hidalgo}, Sebastian L. and {Aparicio}, Antonio and
         {Bernard}, Edouard J. and {Boylan-Kolchin}, Michael and
         {Cassisi}, Santi and {Cole}, Andrew A. and {Dolphin}, Andrew E. and
         {Ferguson}, Henry C. and {Gallart}, Carme and {Irwin}, Mike J. and
         {Martin}, Nicolas F. and {Mart{\'\i}nez-V{\'a}zquez}, Clara E. and
         {Mayer}, Lucio and {McConnachie}, Alan W. and {McQuinn}, Kristen B.~W. and
         {Navarro}, Julio F. and {Stetson}, Peter B.},
        title = "{The ISLAndS Project. II. The Lifetime Star Formation Histories of Six Andomeda dSphS}",
      journal = {\apj},
     keywords = {galaxies: dwarf, galaxies: evolution, galaxies: photometry, galaxies: stellar content, galaxies: structure, Astrophysics - Astrophysics of Galaxies},
         year = 2017,
        month = {mar},
       volume = {837},
       number = {2},
          eid = {102},
        pages = {102},
          doi = {10.3847/1538-4357/aa60c5},
archivePrefix = {arXiv},
       arxivid = {1606.01207},
       eprint = {1606.01207},
 primaryClass = {astro-ph.GA},
       adsurl = {https://ui.adsabs.harvard.edu/abs/2017ApJ...837..102S},
      adsnote = {Provided by the SAO/NASA Astrophysics Data System}
}

@BOOK{2017ASSL..430.....F,
       author = {{Fox}, Andrew and {Dav{\'e}}, Romeel},
        title = "{Gas Accretion onto Galaxies}",
         year = 2017,
       volume = {430},
          doi = {10.1007/978-3-319-52512-9},
       adsurl = {https://ui.adsabs.harvard.edu/abs/2017ASSL..430.....F},
      adsnote = {Provided by the SAO/NASA Astrophysics Data System}
}

@ARTICLE{2016MNRAS.463.4533V,
       author = {{van de Voort}, Freeke and {Quataert}, Eliot and {Hopkins}, Philip F. and
         {Faucher-Gigu{\`e}re}, Claude-Andr{\'e} and {Feldmann}, Robert and
         {Kere{\v{s}}}, Du{\v{s}}an and {Chan}, T.~K. and {Hafen}, Zachary},
        title = "{The impact of stellar feedback on hot gas in galaxy haloes: the Sunyaev-Zel'dovich effect and soft X-ray emission}",
      journal = {\mnras},
     keywords = {methods: numerical, galaxies: evolution, galaxies: formation, galaxies: haloes, intergalactic medium, X-rays: galaxies, Astrophysics - Astrophysics of Galaxies, Astrophysics - Cosmology and Nongalactic Astrophysics},
         year = 2016,
        month = {dec},
       volume = {463},
       number = {4},
        pages = {4533-4544},
          doi = {10.1093/mnras/stw2322},
archivePrefix = {arXiv},
       arxivid = {1604.01397},
       eprint = {1604.01397},
 primaryClass = {astro-ph.GA},
       adsurl = {https://ui.adsabs.harvard.edu/abs/2016MNRAS.463.4533V},
      adsnote = {Provided by the SAO/NASA Astrophysics Data System}
}

@ARTICLE{2016MNRAS.463..120S,
       author = {{Sravan}, Niharika and {Faucher-Gigu{\`e}re}, Claude-Andr{\'e} and
         {van de Voort}, Freeke and {Kere{\v{s}}}, Du{\v{s}}an and
         {Muratov}, Alexander L. and {Hopkins}, Philip F. and
         {Feldmann}, Robert and {Quataert}, Eliot and {Murray}, Norman},
        title = "{Strongly time-variable ultraviolet metal-line emission from the circum-galactic medium of high-redshift galaxies}",
      journal = {\mnras},
     keywords = {galaxies: evolution, galaxies: formation, galaxies: high-redshift, galaxies: haloes, intergalactic medium, cosmology: theory, Astrophysics - Astrophysics of Galaxies, Astrophysics - Cosmology and Nongalactic Astrophysics},
         year = 2016,
        month = {nov},
       volume = {463},
       number = {1},
        pages = {120-133},
          doi = {10.1093/mnras/stw1962},
archivePrefix = {arXiv},
       arxivid = {1510.06410},
       eprint = {1510.06410},
 primaryClass = {astro-ph.GA},
       adsurl = {https://ui.adsabs.harvard.edu/abs/2016MNRAS.463..120S},
      adsnote = {Provided by the SAO/NASA Astrophysics Data System}
}

@ARTICLE{2016MNRAS.461L..32F,
       author = {{Faucher-Gigu{\`e}re}, Claude-Andr{\'e} and {Feldmann}, Robert and
         {Quataert}, Eliot and {Kere{\v{s}}}, Du{\v{s}}an and
         {Hopkins}, Philip F. and {Murray}, Norman},
        title = "{A stellar feedback origin for neutral hydrogen in high-redshift quasar-mass haloes}",
      journal = {\mnras},
     keywords = {galaxies: evolution, galaxies: formation, galaxies: haloes, intergalactic medium, quasars: absorption lines, cosmology: theory, Astrophysics - Astrophysics of Galaxies, Astrophysics - Cosmology and Nongalactic Astrophysics},
         year = 2016,
        month = {sep},
       volume = {461},
       number = {1},
        pages = {L32-L36},
          doi = {10.1093/mnrasl/slw091},
archivePrefix = {arXiv},
       arxivid = {1601.07188},
       eprint = {1601.07188},
 primaryClass = {astro-ph.GA},
       adsurl = {https://ui.adsabs.harvard.edu/abs/2016MNRAS.461L..32F},
      adsnote = {Provided by the SAO/NASA Astrophysics Data System}
}

@ARTICLE{2015MNRAS.454.2691M,
       author = {{Muratov}, Alexander L. and {Kere{\v{s}}}, Du{\v{s}}an and
         {Faucher-Gigu{\`e}re}, Claude-Andr{\'e} and {Hopkins}, Philip F. and
         {Quataert}, Eliot and {Murray}, Norman},
        title = "{Gusty, gaseous flows of FIRE: galactic winds in cosmological simulations with explicit stellar feedback}",
      journal = {\mnras},
     keywords = {stars: formation, galaxies: evolution, galaxies: formation, cosmology: theory, Astrophysics - Astrophysics of Galaxies},
         year = 2015,
        month = {dec},
       volume = {454},
       number = {3},
        pages = {2691-2713},
          doi = {10.1093/mnras/stv2126},
archivePrefix = {arXiv},
       arxivid = {1501.03155},
       eprint = {1501.03155},
 primaryClass = {astro-ph.GA},
       adsurl = {https://ui.adsabs.harvard.edu/abs/2015MNRAS.454.2691M},
      adsnote = {Provided by the SAO/NASA Astrophysics Data System}
}

@ARTICLE{2015MNRAS.454.2039F,
       author = {{Fillingham}, Sean P. and {Cooper}, Michael C. and {Wheeler}, Coral and
         {Garrison-Kimmel}, Shea and {Boylan-Kolchin}, Michael and
         {Bullock}, James S.},
        title = "{Taking care of business in a flash: constraining the time-scale for low-mass satellite quenching with ELVIS}",
      journal = {\mnras},
     keywords = {galaxies: dwarf, galaxies: evolution, galaxies: formation, Local Group, galaxies: star formation, Astrophysics - Astrophysics of Galaxies, Astrophysics - Cosmology and Nongalactic Astrophysics},
         year = 2015,
        month = {dec},
       volume = {454},
       number = {2},
        pages = {2039-2049},
          doi = {10.1093/mnras/stv2058},
archivePrefix = {arXiv},
       arxivid = {1503.06803},
       eprint = {1503.06803},
 primaryClass = {astro-ph.GA},
       adsurl = {https://ui.adsabs.harvard.edu/abs/2015MNRAS.454.2039F},
      adsnote = {Provided by the SAO/NASA Astrophysics Data System}
}

@ARTICLE{2015ApJ...808L..27W,
       author = {{Wetzel}, Andrew R. and {Tollerud}, Erik J. and {Weisz}, Daniel R.},
        title = "{Rapid Environmental Quenching of Satellite Dwarf Galaxies in the Local Group}",
      journal = {\apjl},
     keywords = {galaxies: dwarf, galaxies: evolution, galaxies: groups: general, galaxies: star formation, Local Group, methods: numerical, Astrophysics - Astrophysics of Galaxies, Astrophysics - Cosmology and Nongalactic Astrophysics},
         year = 2015,
        month = {jul},
       volume = {808},
       number = {1},
          eid = {L27},
        pages = {L27},
          doi = {10.1088/2041-8205/808/1/L27},
archivePrefix = {arXiv},
       arxivid = {1503.06799},
       eprint = {1503.06799},
 primaryClass = {astro-ph.GA},
       adsurl = {https://ui.adsabs.harvard.edu/abs/2015ApJ...808L..27W},
      adsnote = {Provided by the SAO/NASA Astrophysics Data System}
}

@ARTICLE{2015MNRAS.450...53H,
       author = {{Hopkins}, Philip F.},
        title = "{A new class of accurate, mesh-free hydrodynamic simulation methods}",
      journal = {\mnras},
     keywords = {hydrodynamics, instabilities, turbulence, methods: numerical, cosmology: theory, Astrophysics - Cosmology and Nongalactic Astrophysics, Astrophysics - Astrophysics of Galaxies, Astrophysics - Instrumentation and Methods for Astrophysics, Physics - Computational Physics, Physics - Fluid Dynamics},
         year = 2015,
        month = {jun},
       volume = {450},
       number = {1},
        pages = {53-110},
          doi = {10.1093/mnras/stv195},
archivePrefix = {arXiv},
       arxivid = {1409.7395},
       eprint = {1409.7395},
 primaryClass = {astro-ph.CO},
       adsurl = {https://ui.adsabs.harvard.edu/abs/2015MNRAS.450...53H},
      adsnote = {Provided by the SAO/NASA Astrophysics Data System}
}

@ARTICLE{2015MNRAS.449.3263J,
       author = {{Johnson}, Sean D. and {Chen}, Hsiao-Wen and {Mulchaey}, John S.},
        title = "{On the possible environmental effect in distributing heavy elements beyond individual gaseous haloes}",
      journal = {\mnras},
     keywords = {galaxies: haloes, galaxies: interactions, intergalactic medium, quasars: absorption lines, Astrophysics - Astrophysics of Galaxies},
         year = 2015,
        month = {may},
       volume = {449},
       number = {3},
        pages = {3263-3273},
          doi = {10.1093/mnras/stv553},
archivePrefix = {arXiv},
       arxivid = {1503.04199},
       eprint = {1503.04199},
 primaryClass = {astro-ph.GA},
       adsurl = {https://ui.adsabs.harvard.edu/abs/2015MNRAS.449.3263J},
      adsnote = {Provided by the SAO/NASA Astrophysics Data System}
}

@ARTICLE{2015MNRAS.449..987F,
       author = {{Faucher-Gigu{\`e}re}, Claude-Andr{\'e} and {Hopkins}, Philip F. and
         {Kere{\v{s}}}, Du{\v{s}}an and {Muratov}, Alexander L. and
         {Quataert}, Eliot and {Murray}, Norman},
        title = "{Neutral hydrogen in galaxy haloes at the peak of the cosmic star formation history}",
      journal = {\mnras},
     keywords = {galaxies: evolution, galaxies: formation, galaxies: haloes, intergalactic medium, quasars: absorption lines, cosmology: theory, Astrophysics - Astrophysics of Galaxies, Astrophysics - Cosmology and Nongalactic Astrophysics},
         year = 2015,
        month = {may},
       volume = {449},
       number = {1},
        pages = {987-1003},
          doi = {10.1093/mnras/stv336},
archivePrefix = {arXiv},
       arxivid = {1409.1919},
       eprint = {1409.1919},
 primaryClass = {astro-ph.GA},
       adsurl = {https://ui.adsabs.harvard.edu/abs/2015MNRAS.449..987F},
      adsnote = {Provided by the SAO/NASA Astrophysics Data System}
}

@ARTICLE{2015ApJS..217...21F,
       author = {{Fang}, Taotao and {Buote}, David and {Bullock}, James and {Ma}, Renyi},
        title = "{XMM-Newton Survey of Local O VII Absorption Lines in the Spectra of Active Galactic Nuclei}",
      journal = {\apjs},
     keywords = {Galaxy: disk, Galaxy: halo, ISM: general, quasars: absorption lines, X-rays: ISM, Astrophysics - Cosmology and Nongalactic Astrophysics, Astrophysics - Astrophysics of Galaxies, Astrophysics - High Energy Astrophysical Phenomena},
         year = 2015,
        month = {apr},
       volume = {217},
       number = {2},
          eid = {21},
        pages = {21},
          doi = {10.1088/0067-0049/217/2/21},
archivePrefix = {arXiv},
       arxivid = {1503.01360},
       eprint = {1503.01360},
 primaryClass = {astro-ph.CO},
       adsurl = {https://ui.adsabs.harvard.edu/abs/2015ApJS..217...21F},
      adsnote = {Provided by the SAO/NASA Astrophysics Data System}
}

@ARTICLE{2014MNRAS.445.2061L,
       author = {{Liang}, Cameron J. and {Chen}, Hsiao-Wen},
        title = "{Mining circumgalactic baryons in the low-redshift universe}",
      journal = {\mnras},
     keywords = {survey, galaxies: dwarf, galaxies: haloes, intergalactic medium, quasars: absorption lines, Astrophysics - Cosmology and Nongalactic Astrophysics},
         year = 2014,
        month = {dec},
       volume = {445},
       number = {2},
        pages = {2061-2081},
          doi = {10.1093/mnras/stu1901},
archivePrefix = {arXiv},
       arxivid = {1402.3602},
       eprint = {1402.3602},
 primaryClass = {astro-ph.CO},
       adsurl = {https://ui.adsabs.harvard.edu/abs/2014MNRAS.445.2061L},
      adsnote = {Provided by the SAO/NASA Astrophysics Data System}
}

@ARTICLE{2014ApJ...796..136B,
       author = {{Bordoloi}, Rongmon and {Tumlinson}, Jason and {Werk}, Jessica K. and
         {Oppenheimer}, Benjamin D. and {Peeples}, Molly S. and
         {Prochaska}, J. Xavier and {Tripp}, Todd M. and {Katz}, Neal and
         {Dav{\'e}}, Romeel and {Fox}, Andrew J. and {Thom}, Christopher and
         {Ford}, Amanda Brady and {Weinberg}, David H. and
         {Burchett}, Joseph N. and {Kollmeier}, Juna A.},
        title = "{The COS-Dwarfs Survey: The Carbon Reservoir around Sub-L* Galaxies}",
      journal = {\apj},
     keywords = {galaxies: evolution, galaxies: general, galaxies: halos, intergalactic medium, quasars: absorption lines, Astrophysics - Astrophysics of Galaxies},
         year = 2014,
        month = {dec},
       volume = {796},
       number = {2},
          eid = {136},
        pages = {136},
          doi = {10.1088/0004-637X/796/2/136},
archivePrefix = {arXiv},
       arxivid = {1406.0509},
       eprint = {1406.0509},
 primaryClass = {astro-ph.GA},
       adsurl = {https://ui.adsabs.harvard.edu/abs/2014ApJ...796..136B},
      adsnote = {Provided by the SAO/NASA Astrophysics Data System}
}

@ARTICLE{2014MNRAS.445..581H,
       author = {{Hopkins}, Philip F. and {Kere{\v{s}}}, Du{\v{s}}an and
         {O{\~n}orbe}, Jos{\'e} and {Faucher-Gigu{\`e}re}, Claude-Andr{\'e} and
         {Quataert}, Eliot and {Murray}, Norman and {Bullock}, James S.},
        title = "{Galaxies on FIRE (Feedback In Realistic Environments): stellar feedback explains cosmologically inefficient star formation}",
      journal = {\mnras},
     keywords = {stars: formation, galaxies: active, galaxies: evolution, galaxies: formation, cosmology: theory, Astrophysics - Cosmology and Nongalactic Astrophysics, Astrophysics - Astrophysics of Galaxies},
         year = 2014,
        month = {nov},
       volume = {445},
       number = {1},
        pages = {581-603},
          doi = {10.1093/mnras/stu1738},
archivePrefix = {arXiv},
       arxivid = {1311.2073},
       eprint = {1311.2073},
 primaryClass = {astro-ph.CO},
       adsurl = {https://ui.adsabs.harvard.edu/abs/2014MNRAS.445..581H},
      adsnote = {Provided by the SAO/NASA Astrophysics Data System}
}

@ARTICLE{2014MNRAS.444.1260F,
       author = {{Ford}, Amanda Brady and {Dav{\'e}}, Romeel and
         {Oppenheimer}, Benjamin D. and {Katz}, Neal and {Kollmeier}, Juna A. and
         {Thompson}, Robert and {Weinberg}, David H.},
        title = "{Tracing inflows and outflows with absorption lines in circumgalactic gas}",
      journal = {\mnras},
     keywords = {galaxies: evolution, galaxies: haloes, intergalactic medium, galaxies: kinematics and dynamics, quasars: absorption lines, cosmology: theory, Astrophysics - Cosmology and Nongalactic Astrophysics},
         year = 2014,
        month = {oct},
       volume = {444},
       number = {2},
        pages = {1260-1281},
          doi = {10.1093/mnras/stu1418},
archivePrefix = {arXiv},
       arxivid = {1309.5951},
       eprint = {1309.5951},
 primaryClass = {astro-ph.CO},
       adsurl = {https://ui.adsabs.harvard.edu/abs/2014MNRAS.444.1260F},
      adsnote = {Provided by the SAO/NASA Astrophysics Data System}
}

@ARTICLE{2014ApJ...794..156R,
       author = {{Rubin}, Kate H.~R. and {Prochaska}, J. Xavier and {Koo}, David C. and
         {Phillips}, Andrew C. and {Martin}, Crystal L. and {Winstrom}, Lucas O.},
        title = "{Evidence for Ubiquitous Collimated Galactic-scale Outflows along the Star-forming Sequence at z \raisebox{-0.5ex}\textasciitilde 0.5}",
      journal = {\apj},
     keywords = {galaxies: evolution, galaxies: halos, galaxies: ISM, ultraviolet: ISM, Astrophysics - Cosmology and Nongalactic Astrophysics},
         year = 2014,
        month = {oct},
       volume = {794},
       number = {2},
          eid = {156},
        pages = {156},
          doi = {10.1088/0004-637X/794/2/156},
archivePrefix = {arXiv},
       arxivid = {1307.1476},
       eprint = {1307.1476},
 primaryClass = {astro-ph.CO},
       adsurl = {https://ui.adsabs.harvard.edu/abs/2014ApJ...794..156R},
      adsnote = {Provided by the SAO/NASA Astrophysics Data System}
}

@ARTICLE{2014ApJ...792....8W,
       author = {{Werk}, Jessica K. and {Prochaska}, J. Xavier and {Tumlinson}, Jason and
         {Peeples}, Molly S. and {Tripp}, Todd M. and {Fox}, Andrew J. and
         {Lehner}, Nicolas and {Thom}, Christopher and {O'Meara}, John M. and
         {Ford}, Amanda Brady and {Bordoloi}, Rongmon and {Katz}, Neal and
         {Tejos}, Nicolas and {Oppenheimer}, Benjamin D. and {Dav{\'e}}, Romeel and
         {Weinberg}, David H.},
        title = "{The COS-Halos Survey: Physical Conditions and Baryonic Mass in the Low-redshift Circumgalactic Medium}",
      journal = {\apj},
     keywords = {galaxies: formation, galaxies: halos, intergalactic medium, quasars: absorption lines, Astrophysics - Cosmology and Nongalactic Astrophysics},
         year = 2014,
        month = {sep},
       volume = {792},
       number = {1},
          eid = {8},
        pages = {8},
          doi = {10.1088/0004-637X/792/1/8},
archivePrefix = {arXiv},
       arxivid = {1403.0947},
       eprint = {1403.0947},
 primaryClass = {astro-ph.CO},
       adsurl = {https://ui.adsabs.harvard.edu/abs/2014ApJ...792....8W},
      adsnote = {Provided by the SAO/NASA Astrophysics Data System}
}

@ARTICLE{2014MNRAS.442.1363W,
       author = {{Wang}, Wenting and {Sales}, Laura V. and {Henriques}, Bruno M.~B. and
         {White}, Simon D.~M.},
        title = "{Satellite abundances around bright isolated galaxies - II. Radial distribution and environmental effects}",
      journal = {\mnras},
     keywords = {galaxies: abundances, galaxies: evolution, galaxies: haloes, dark matter, Astrophysics - Cosmology and Nongalactic Astrophysics},
         year = 2014,
        month = {aug},
       volume = {442},
       number = {2},
        pages = {1363-1378},
          doi = {10.1093/mnras/stu988},
archivePrefix = {arXiv},
       arxivid = {1403.2409},
       eprint = {1403.2409},
 primaryClass = {astro-ph.CO},
       adsurl = {https://ui.adsabs.harvard.edu/abs/2014MNRAS.442.1363W},
      adsnote = {Provided by the SAO/NASA Astrophysics Data System}
}

@ARTICLE{2014ApJ...791..128S,
       author = {{Stocke}, John T. and {Keeney}, Brian A. and {Danforth}, Charles W. and
         {Syphers}, David and {Yamamoto}, H. and {Shull}, J. Michael and
         {Green}, James C. and {Froning}, Cynthia and {Savage}, Blair D. and
         {Wakker}, Bart and {Kim}, Tae-Sun and {Ryan-Weber}, Emma V. and
         {Kacprzak}, Glenn G.},
        title = "{Absorption-line Detections of {}10$^{5}$-{}10$^{6}$ K Gas in Spiral-rich Groups of Galaxies}",
      journal = {\apj},
     keywords = {cosmological parameters, cosmology: observations, galaxies: halos, galaxies: spiral, galaxies: structure, intergalactic medium, quasars: absorption lines, ultraviolet: general, Astrophysics - Astrophysics of Galaxies},
         year = 2014,
        month = {aug},
       volume = {791},
       number = {2},
          eid = {128},
        pages = {128},
          doi = {10.1088/0004-637X/791/2/128},
archivePrefix = {arXiv},
       arxivid = {1405.4307},
       eprint = {1405.4307},
 primaryClass = {astro-ph.GA},
       adsurl = {https://ui.adsabs.harvard.edu/abs/2014ApJ...791..128S},
      adsnote = {Provided by the SAO/NASA Astrophysics Data System}
}

@ARTICLE{2014ApJ...789..147W,
       author = {{Weisz}, Daniel R. and {Dolphin}, Andrew E. and {Skillman}, Evan D. and
         {Holtzman}, Jon and {Gilbert}, Karoline M. and
         {Dalcanton}, Julianne J. and {Williams}, Benjamin F.},
        title = "{The Star Formation Histories of Local Group Dwarf Galaxies. I. Hubble Space Telescope/Wide Field Planetary Camera 2 Observations}",
      journal = {\apj},
     keywords = {galaxies: dwarf, galaxies: evolution, galaxies: formation, galaxies: stellar content, Local Group, Astrophysics - Astrophysics of Galaxies, Astrophysics - Cosmology and Nongalactic Astrophysics},
         year = 2014,
        month = {jul},
       volume = {789},
       number = {2},
          eid = {147},
        pages = {147},
          doi = {10.1088/0004-637X/789/2/147},
archivePrefix = {arXiv},
       arxivid = {1404.7144},
       eprint = {1404.7144},
 primaryClass = {astro-ph.GA},
       adsurl = {https://ui.adsabs.harvard.edu/abs/2014ApJ...789..147W},
      adsnote = {Provided by the SAO/NASA Astrophysics Data System}
}

@ARTICLE{2013Sci...341...50B,
       author = {{Bouch{\'e}}, N. and {Murphy}, M.~T. and {Kacprzak}, G.~G. and
         {P{\'e}roux}, C. and {Contini}, T. and {Martin}, C.~L. and
         {Dessauges-Zavadsky}, M.},
        title = "{Signatures of Cool Gas Fueling a Star-Forming Galaxy at Redshift 2.3}",
      journal = {Science},
     keywords = {ASTRONOMY Astronomy, Chemistry, Materials-Science, Astrophysics - Cosmology and Extragalactic Astrophysics},
         year = 2013,
        month = {jul},
       volume = {341},
       number = {6141},
        pages = {50-53},
          doi = {10.1126/science.1234209},
archivePrefix = {arXiv},
       arxivid = {1306.0134},
       eprint = {1306.0134},
 primaryClass = {astro-ph.CO},
       adsurl = {https://ui.adsabs.harvard.edu/abs/2013Sci...341...50B},
      adsnote = {Provided by the SAO/NASA Astrophysics Data System}
}

@ARTICLE{2013MNRAS.432...89F,
       author = {{Ford}, Amanda Brady and {Oppenheimer}, Benjamin D. and
         {Dav{\'e}}, Romeel and {Katz}, Neal and {Kollmeier}, Juna A. and
         {Weinberg}, David H.},
        title = "{Hydrogen and metal line absorption around low-redshift galaxies in cosmological hydrodynamic simulations}",
      journal = {\mnras},
     keywords = {methods: numerical, galaxies: evolution, galaxies: formation, intergalactic medium, quasars: absorption lines, cosmology: theory, Astrophysics - Cosmology and Nongalactic Astrophysics},
         year = 2013,
        month = {jun},
       volume = {432},
       number = {1},
        pages = {89-112},
          doi = {10.1093/mnras/stt393},
archivePrefix = {arXiv},
       arxivid = {1206.1859},
       eprint = {1206.1859},
 primaryClass = {astro-ph.CO},
       adsurl = {https://ui.adsabs.harvard.edu/abs/2013MNRAS.432...89F},
      adsnote = {Provided by the SAO/NASA Astrophysics Data System}
}

@ARTICLE{2013ApJ...770...57B,
       author = {{Behroozi}, Peter S. and {Wechsler}, Risa H. and {Conroy}, Charlie},
        title = "{The Average Star Formation Histories of Galaxies in Dark Matter Halos from z = 0-8}",
      journal = {\apj},
     keywords = {dark matter, galaxies: abundances, galaxies: evolution, methods: numerical, Astrophysics - Cosmology and Extragalactic Astrophysics},
         year = 2013,
        month = {jun},
       volume = {770},
       number = {1},
          eid = {57},
        pages = {57},
          doi = {10.1088/0004-637X/770/1/57},
archivePrefix = {arXiv},
       arxivid = {1207.6105},
       eprint = {1207.6105},
 primaryClass = {astro-ph.CO},
       adsurl = {https://ui.adsabs.harvard.edu/abs/2013ApJ...770...57B},
      adsnote = {Provided by the SAO/NASA Astrophysics Data System}
}

@ARTICLE{2013MNRAS.430.1548H,
       author = {{Hummels}, Cameron B. and {Bryan}, Greg L. and {Smith}, Britton D. and
         {Turk}, Matthew J.},
        title = "{Constraints on hydrodynamical subgrid models from quasar absorption line studies of the simulated circumgalactic medium}",
      journal = {\mnras},
     keywords = {hydrodynamics, methods: numerical, galaxies: evolution, galaxies: formation, Astrophysics - Astrophysics of Galaxies, Astrophysics - Cosmology and Nongalactic Astrophysics},
         year = 2013,
        month = {apr},
       volume = {430},
       number = {3},
        pages = {1548-1565},
          doi = {10.1093/mnras/sts702},
archivePrefix = {arXiv},
       arxivid = {1212.2965},
       eprint = {1212.2965},
 primaryClass = {astro-ph.GA},
       adsurl = {https://ui.adsabs.harvard.edu/abs/2013MNRAS.430.1548H},
      adsnote = {Provided by the SAO/NASA Astrophysics Data System}
}

@ARTICLE{2013MNRAS.429.3353N,
       author = {{Nelson}, Dylan and {Vogelsberger}, Mark and {Genel}, Shy and
         {Sijacki}, Debora and {Kere{\v{s}}}, Du{\v{s}}an and
         {Springel}, Volker and {Hernquist}, Lars},
        title = "{Moving mesh cosmology: tracing cosmological gas accretion}",
      journal = {\mnras},
     keywords = {methods: numerical, galaxies: evolution, galaxies: formation, galaxies: haloes, cosmology: theory, Astrophysics - Cosmology and Extragalactic Astrophysics},
         year = 2013,
        month = {mar},
       volume = {429},
       number = {4},
        pages = {3353-3370},
          doi = {10.1093/mnras/sts595},
archivePrefix = {arXiv},
       arxivid = {1301.6753},
       eprint = {1301.6753},
 primaryClass = {astro-ph.CO},
       adsurl = {https://ui.adsabs.harvard.edu/abs/2013MNRAS.429.3353N},
      adsnote = {Provided by the SAO/NASA Astrophysics Data System}
}

@ARTICLE{2013MNRAS.428.3121M,
       author = {{Moster}, Benjamin P. and {Naab}, Thorsten and {White}, Simon D.~M.},
        title = "{Galactic star formation and accretion histories from matching galaxies to dark matter haloes}",
      journal = {\mnras},
     keywords = {galaxies: evolution, galaxies: high-redshift, galaxies: statistics, galaxies: stellar content, cosmology: theory, dark matter, Astrophysics - Cosmology and Nongalactic Astrophysics},
         year = 2013,
        month = {feb},
       volume = {428},
       number = {4},
        pages = {3121-3138},
          doi = {10.1093/mnras/sts261},
archivePrefix = {arXiv},
       arxivid = {1205.5807},
       eprint = {1205.5807},
 primaryClass = {astro-ph.CO},
       adsurl = {https://ui.adsabs.harvard.edu/abs/2013MNRAS.428.3121M},
      adsnote = {Provided by the SAO/NASA Astrophysics Data System}
}

@ARTICLE{2013ApJS..204...17W,
       author = {{Werk}, Jessica K. and {Prochaska}, J. Xavier and {Thom}, Christopher and
         {Tumlinson}, Jason and {Tripp}, Todd M. and {O'Meara}, John M. and
         {Peeples}, Molly S.},
        title = "{The COS-Halos Survey: An Empirical Description of Metal-line Absorption in the Low-redshift Circumgalactic Medium}",
      journal = {\apjs},
     keywords = {galaxies: formation, galaxies: halos, intergalactic medium, quasars: absorption lines, Astrophysics - Cosmology and Nongalactic Astrophysics},
         year = 2013,
        month = {feb},
       volume = {204},
       number = {2},
          eid = {17},
        pages = {17},
          doi = {10.1088/0067-0049/204/2/17},
archivePrefix = {arXiv},
       arxivid = {1212.0558},
       eprint = {1212.0558},
 primaryClass = {astro-ph.CO},
       adsurl = {https://ui.adsabs.harvard.edu/abs/2013ApJS..204...17W},
      adsnote = {Provided by the SAO/NASA Astrophysics Data System}
}

@ARTICLE{2013ApJ...763..148S,
       author = {{Stocke}, John T. and {Keeney}, Brian A. and {Danforth}, Charles W. and
         {Shull}, J. Michael and {Froning}, Cynthia S. and {Green}, James C. and
         {Penton}, Steven V. and {Savage}, Blair D.},
        title = "{Characterizing the Circumgalactic Medium of Nearby Galaxies with HST/COS and HST/STIS Absorption-line Spectroscopy}",
      journal = {\apj},
     keywords = {galaxies: dwarf, galaxies: groups: general, galaxies: halos, galaxies: spiral, intergalactic medium, quasars: absorption lines, Astrophysics - Cosmology and Extragalactic Astrophysics},
         year = 2013,
        month = {feb},
       volume = {763},
       number = {2},
          eid = {148},
        pages = {148},
          doi = {10.1088/0004-637X/763/2/148},
archivePrefix = {arXiv},
       arxivid = {1212.5658},
       eprint = {1212.5658},
 primaryClass = {astro-ph.CO},
       adsurl = {https://ui.adsabs.harvard.edu/abs/2013ApJ...763..148S},
      adsnote = {Provided by the SAO/NASA Astrophysics Data System}
}

@ARTICLE{2013ApJ...762L..19P,
       author = {{Prochaska}, J. Xavier and {Hennawi}, Joseph F. and {Simcoe}, Robert A.},
        title = "{A Substantial Mass of Cool, Metal-enriched Gas Surrounding the Progenitors of Modern-day Ellipticals}",
      journal = {\apjl},
     keywords = {galaxies: halos, quasars: absorption lines, Astrophysics - Cosmology and Nongalactic Astrophysics},
         year = 2013,
        month = {jan},
       volume = {762},
       number = {2},
          eid = {L19},
        pages = {L19},
          doi = {10.1088/2041-8205/762/2/L19},
archivePrefix = {arXiv},
       arxivid = {1211.6131},
       eprint = {1211.6131},
 primaryClass = {astro-ph.CO},
       adsurl = {https://ui.adsabs.harvard.edu/abs/2013ApJ...762L..19P},
      adsnote = {Provided by the SAO/NASA Astrophysics Data System}
}

@ARTICLE{2012MNRAS.425.2027K,
       author = {{Kere{\v{s}}}, Du{\v{s}}an and {Vogelsberger}, Mark and
         {Sijacki}, Debora and {Springel}, Volker and {Hernquist}, Lars},
        title = "{Moving-mesh cosmology: characteristics of galaxies and haloes}",
      journal = {\mnras},
     keywords = {methods: numerical, galaxies: evolution, galaxies: formation, galaxies: haloes, galaxies: interactions, dark matter, Astrophysics - Cosmology and Nongalactic Astrophysics},
         year = 2012,
        month = {sep},
       volume = {425},
       number = {3},
        pages = {2027-2048},
          doi = {10.1111/j.1365-2966.2012.21548.x},
archivePrefix = {arXiv},
       arxivid = {1109.4638},
       eprint = {1109.4638},
 primaryClass = {astro-ph.CO},
       adsurl = {https://ui.adsabs.harvard.edu/abs/2012MNRAS.425.2027K},
      adsnote = {Provided by the SAO/NASA Astrophysics Data System}
}

@ARTICLE{2012ARA&A..50..491P,
       author = {{Putman}, M.~E. and {Peek}, J.~E.~G. and {Joung}, M.~R.},
        title = "{Gaseous Galaxy Halos}",
      journal = {\araa},
     keywords = {Astrophysics - Astrophysics of Galaxies, Astrophysics - Cosmology and Nongalactic Astrophysics},
         year = 2012,
        month = {sep},
       volume = {50},
        pages = {491-529},
          doi = {10.1146/annurev-astro-081811-125612},
archivePrefix = {arXiv},
       arxivid = {1207.4837},
       eprint = {1207.4837},
 primaryClass = {astro-ph.GA},
       adsurl = {https://ui.adsabs.harvard.edu/abs/2012ARA&A..50..491P},
      adsnote = {Provided by the SAO/NASA Astrophysics Data System}
}

@ARTICLE{2012ApJ...756L...8G,
       author = {{Gupta}, A. and {Mathur}, S. and {Krongold}, Y. and {Nicastro}, F. and
         {Galeazzi}, M.},
        title = "{A Huge Reservoir of Ionized Gas around the Milky Way: Accounting for the Missing Mass?}",
      journal = {\apjl},
     keywords = {cosmology: observations, Galaxy: halo, intergalactic medium, quasars: absorption lines, X-rays: galaxies, Astrophysics - High Energy Astrophysical Phenomena, Astrophysics - Cosmology and Nongalactic Astrophysics},
         year = 2012,
        month = {sep},
       volume = {756},
       number = {1},
          eid = {L8},
        pages = {L8},
          doi = {10.1088/2041-8205/756/1/L8},
archivePrefix = {arXiv},
       arxivid = {1205.5037},
       eprint = {1205.5037},
 primaryClass = {astro-ph.HE},
       adsurl = {https://ui.adsabs.harvard.edu/abs/2012ApJ...756L...8G},
      adsnote = {Provided by the SAO/NASA Astrophysics Data System}
}

@ARTICLE{2012ApJ...750...67R,
       author = {{Rudie}, Gwen C. and {Steidel}, Charles C. and {Trainor}, Ryan F. and
         {Rakic}, Olivera and {Bogosavljevi{\'c}}, Milan and {Pettini}, Max and
         {Reddy}, Naveen and {Shapley}, Alice E. and {Erb}, Dawn K. and
         {Law}, David R.},
        title = "{The Gaseous Environment of High-z Galaxies: Precision Measurements of Neutral Hydrogen in the Circumgalactic Medium of z \raisebox{-0.5ex}\textasciitilde 2-3 Galaxies in the Keck Baryonic Structure Survey}",
      journal = {\apj},
     keywords = {cosmology: observations, galaxies: evolution, galaxies: formation, galaxies: high-redshift, intergalactic medium, quasars: absorption lines, Astrophysics - Cosmology and Nongalactic Astrophysics},
         year = 2012,
        month = {may},
       volume = {750},
       number = {1},
          eid = {67},
        pages = {67},
          doi = {10.1088/0004-637X/750/1/67},
archivePrefix = {arXiv},
       arxivid = {1202.6055},
       eprint = {1202.6055},
 primaryClass = {astro-ph.CO},
       adsurl = {https://ui.adsabs.harvard.edu/abs/2012ApJ...750...67R},
      adsnote = {Provided by the SAO/NASA Astrophysics Data System}
}

@ARTICLE{2011Sci...334..948T,
       author = {{Tumlinson}, J. and {Thom}, C. and {Werk}, J.~K. and {Prochaska}, J.~X. and
         {Tripp}, T.~M. and {Weinberg}, D.~H. and {Peeples}, M.~S. and
         {O'Meara}, J.~M. and {Oppenheimer}, B.~D. and {Meiring}, J.~D. and
         {Katz}, N.~S. and {Dav{\'e}}, R. and {Ford}, A.~B. and {Sembach}, K.~R.},
        title = "{The Large, Oxygen-Rich Halos of Star-Forming Galaxies Are a Major Reservoir of Galactic Metals}",
      journal = {Science},
     keywords = {ASTRONOMY, Astrophysics - Cosmology and Nongalactic Astrophysics},
         year = 2011,
        month = {nov},
       volume = {334},
       number = {6058},
        pages = {948},
          doi = {10.1126/science.1209840},
archivePrefix = {arXiv},
       arxivid = {1111.3980},
       eprint = {1111.3980},
 primaryClass = {astro-ph.CO},
       adsurl = {https://ui.adsabs.harvard.edu/abs/2011Sci...334..948T},
      adsnote = {Provided by the SAO/NASA Astrophysics Data System}
}

@ARTICLE{2011MNRAS.417.2982F,
       author = {{Faucher-Gigu{\`e}re}, Claude-Andr{\'e} and {Kere{\v{s}}}, Du{\v{s}}an and
         {Ma}, Chung-Pei},
        title = "{The baryonic assembly of dark matter haloes}",
      journal = {\mnras},
     keywords = {hydrodynamics, galaxies: evolution, galaxies: formation, galaxies: high-redshift, cosmology: theory, Astrophysics - Cosmology and Nongalactic Astrophysics},
         year = 2011,
        month = {nov},
       volume = {417},
       number = {4},
        pages = {2982-2999},
          doi = {10.1111/j.1365-2966.2011.19457.x},
archivePrefix = {arXiv},
       arxivid = {1103.0001},
       eprint = {1103.0001},
 primaryClass = {astro-ph.CO},
       adsurl = {https://ui.adsabs.harvard.edu/abs/2011MNRAS.417.2982F},
      adsnote = {Provided by the SAO/NASA Astrophysics Data System}
}

@ARTICLE{2011MNRAS.415.2782V,
       author = {{van de Voort}, Freeke and {Schaye}, Joop and {Booth}, C.~M. and
         {Dalla Vecchia}, Claudio},
        title = "{The drop in the cosmic star formation rate below redshift 2 is caused by a change in the mode of gas accretion and by active galactic nucleus feedback}",
      journal = {\mnras},
     keywords = {stars: formation, galaxies: evolution, galaxies: formation, intergalactic medium, cosmology: theory, Astrophysics - Cosmology and Nongalactic Astrophysics, Astrophysics - Astrophysics of Galaxies},
         year = 2011,
        month = {aug},
       volume = {415},
       number = {3},
        pages = {2782-2789},
          doi = {10.1111/j.1365-2966.2011.18896.x},
archivePrefix = {arXiv},
       arxivid = {1102.3912},
       eprint = {1102.3912},
 primaryClass = {astro-ph.CO},
       adsurl = {https://ui.adsabs.harvard.edu/abs/2011MNRAS.415.2782V},
      adsnote = {Provided by the SAO/NASA Astrophysics Data System}
}

@ARTICLE{2011MNRAS.415...11D,
       author = {{Dav{\'e}}, Romeel and {Oppenheimer}, Benjamin D. and
         {Finlator}, Kristian},
        title = "{Galaxy evolution in cosmological simulations with outflows - I. Stellar masses and star formation rates}",
      journal = {\mnras},
     keywords = {methods: numerical, galaxies: formation, intergalactic medium, cosmology: theory, Astrophysics - Cosmology and Nongalactic Astrophysics},
         year = 2011,
        month = {jul},
       volume = {415},
       number = {1},
        pages = {11-31},
          doi = {10.1111/j.1365-2966.2011.18680.x},
archivePrefix = {arXiv},
       arxivid = {1103.3528},
       eprint = {1103.3528},
 primaryClass = {astro-ph.CO},
       adsurl = {https://ui.adsabs.harvard.edu/abs/2011MNRAS.415...11D},
      adsnote = {Provided by the SAO/NASA Astrophysics Data System}
}

@ARTICLE{2010ApJ...723..935H,
       author = {{Henley}, David B. and {Shelton}, Robin L. and {Kwak}, Kyujin and
         {Joung}, M. Ryan and {Mac Low}, Mordecai-Mark},
        title = "{The Origin of the Hot Gas in the Galactic Halo: Confronting Models with XMM-Newton Observations}",
      journal = {\apj},
     keywords = {Galaxy: halo, ISM: structure, X-rays: diffuse background, X-rays: ISM, Astrophysics - Astrophysics of Galaxies},
         year = 2010,
        month = {nov},
       volume = {723},
       number = {1},
        pages = {935-953},
          doi = {10.1088/0004-637X/723/1/935},
archivePrefix = {arXiv},
       arxivid = {1005.1085},
       eprint = {1005.1085},
 primaryClass = {astro-ph.GA},
       adsurl = {https://ui.adsabs.harvard.edu/abs/2010ApJ...723..935H},
      adsnote = {Provided by the SAO/NASA Astrophysics Data System}
}

@ARTICLE{2010MNRAS.406.2325O,
       author = {{Oppenheimer}, Benjamin D. and {Dav{\'e}}, Romeel and
         {Kere{\v{s}}}, Du{\v{s}}an and {Fardal}, Mark and {Katz}, Neal and
         {Kollmeier}, Juna A. and {Weinberg}, David H.},
        title = "{Feedback and recycled wind accretion: assembling the z = 0 galaxy mass function}",
      journal = {\mnras},
     keywords = {hydrodynamics, methods: numerical, galaxies: evolution, galaxies: formation, intergalactic medium, galaxies: luminosity function, mass function, Astrophysics - Cosmology and Nongalactic Astrophysics, Astrophysics - Astrophysics of Galaxies},
         year = 2010,
        month = {aug},
       volume = {406},
       number = {4},
        pages = {2325-2338},
          doi = {10.1111/j.1365-2966.2010.16872.x},
archivePrefix = {arXiv},
       arxivid = {0912.0519},
       eprint = {0912.0519},
 primaryClass = {astro-ph.CO},
       adsurl = {https://ui.adsabs.harvard.edu/abs/2010MNRAS.406.2325O},
      adsnote = {Provided by the SAO/NASA Astrophysics Data System}
}

@ARTICLE{2010ApJ...717..289S,
       author = {{Steidel}, Charles C. and {Erb}, Dawn K. and {Shapley}, Alice E. and
         {Pettini}, Max and {Reddy}, Naveen and {Bogosavljevi{\'c}}, Milan and
         {Rudie}, Gwen C. and {Rakic}, Olivera},
        title = "{The Structure and Kinematics of the Circumgalactic Medium from Far-ultraviolet Spectra of z \raisebox{-0.5ex}\textasciitilde= 2-3 Galaxies}",
      journal = {\apj},
     keywords = {cosmology: observations, galaxies: evolution, galaxies: high-redshift, Astrophysics - Cosmology and Nongalactic Astrophysics, Astrophysics - Astrophysics of Galaxies},
         year = 2010,
        month = {jul},
       volume = {717},
       number = {1},
        pages = {289-322},
          doi = {10.1088/0004-637X/717/1/289},
archivePrefix = {arXiv},
       arxivid = {1003.0679},
       eprint = {1003.0679},
 primaryClass = {astro-ph.CO},
       adsurl = {https://ui.adsabs.harvard.edu/abs/2010ApJ...717..289S},
      adsnote = {Provided by the SAO/NASA Astrophysics Data System}
}

@ARTICLE{2010ApJS..187..388H,
       author = {{Henley}, David B. and {Shelton}, Robin L.},
        title = "{An XMM-Newton Survey of the Soft X-ray Background. I. The O VII and O VIII Lines Between l = 120{\textdegree} and l = 240{\textdegree}}",
      journal = {\apjs},
     keywords = {surveys, X-rays: diffuse background, X-rays: ISM, Astrophysics - Astrophysics of Galaxies},
         year = 2010,
        month = {apr},
       volume = {187},
       number = {2},
        pages = {388-408},
          doi = {10.1088/0067-0049/187/2/388},
archivePrefix = {arXiv},
       arxivid = {1002.4631},
       eprint = {1002.4631},
 primaryClass = {astro-ph.GA},
       adsurl = {https://ui.adsabs.harvard.edu/abs/2010ApJS..187..388H},
      adsnote = {Provided by the SAO/NASA Astrophysics Data System}
}

@ARTICLE{2009MNRAS.399..574W,
       author = {{Wiersma}, Robert P.~C. and {Schaye}, Joop and {Theuns}, Tom and
         {Dalla Vecchia}, Claudio and {Tornatore}, Luca},
        title = "{Chemical enrichment in cosmological, smoothed particle hydrodynamics simulations}",
      journal = {\mnras},
     keywords = {methods: numerical, galaxies: abundances, galaxies: formation, intergalactic medium, cosmology: theory, Astrophysics - Cosmology and Extragalactic Astrophysics},
         year = 2009,
        month = {oct},
       volume = {399},
       number = {2},
        pages = {574-600},
          doi = {10.1111/j.1365-2966.2009.15331.x},
archivePrefix = {arXiv},
       arxivid = {0902.1535},
       eprint = {0902.1535},
 primaryClass = {astro-ph.CO},
       adsurl = {https://ui.adsabs.harvard.edu/abs/2009MNRAS.399..574W},
      adsnote = {Provided by the SAO/NASA Astrophysics Data System}
}

@ARTICLE{2009ApJ...703.1416F,
       author = {{Faucher-Gigu{\`e}re}, Claude-Andr{\'e} and {Lidz}, Adam and
         {Zaldarriaga}, Matias and {Hernquist}, Lars},
        title = "{A New Calculation of the Ionizing Background Spectrum and the Effects of He II Reionization}",
      journal = {\apj},
     keywords = {cosmology: theory, diffuse radiation, galaxies: evolution, galaxies: formation, galaxies: high-redshift, quasars: absorption lines, Astrophysics - Cosmology and Extragalactic Astrophysics},
         year = 2009,
        month = {oct},
       volume = {703},
       number = {2},
        pages = {1416-1443},
          doi = {10.1088/0004-637X/703/2/1416},
archivePrefix = {arXiv},
       arxivid = {0901.4554},
       eprint = {0901.4554},
 primaryClass = {astro-ph.CO},
       adsurl = {https://ui.adsabs.harvard.edu/abs/2009ApJ...703.1416F},
      adsnote = {Provided by the SAO/NASA Astrophysics Data System}
}

@ARTICLE{2009ARA&A..47..481A,
       author = {{Asplund}, Martin and {Grevesse}, Nicolas and {Sauval}, A. Jacques and
         {Scott}, Pat},
        title = "{The Chemical Composition of the Sun}",
      journal = {\araa},
     keywords = {Astrophysics - Solar and Stellar Astrophysics, Astrophysics - Earth and Planetary Astrophysics},
         year = 2009,
        month = {sep},
       volume = {47},
       number = {1},
        pages = {481-522},
          doi = {10.1146/annurev.astro.46.060407.145222},
archivePrefix = {arXiv},
       arxivid = {0909.0948},
       eprint = {0909.0948},
 primaryClass = {astro-ph.SR},
       adsurl = {https://ui.adsabs.harvard.edu/abs/2009ARA&A..47..481A},
      adsnote = {Provided by the SAO/NASA Astrophysics Data System}
}

@ARTICLE{2009MNRAS.396.2332K,
       author = {{Kere{\v{s}}}, Du{\v{s}}an and {Katz}, Neal and {Dav{\'e}}, Romeel and
         {Fardal}, Mark and {Weinberg}, David H.},
        title = "{Galaxies in a simulated {\ensuremath{\Lambda}}CDM universe - II. Observable properties and constraints on feedback}",
      journal = {\mnras},
     keywords = {methods: numerical, cooling flows, galaxies: evolution, galaxies: formation, galaxies: luminosity function, mass function, Astrophysics - Cosmology and Nongalactic Astrophysics, Astrophysics - Astrophysics of Galaxies},
         year = 2009,
        month = {jul},
       volume = {396},
       number = {4},
        pages = {2332-2344},
          doi = {10.1111/j.1365-2966.2009.14924.x},
archivePrefix = {arXiv},
       arxivid = {0901.1880},
       eprint = {0901.1880},
 primaryClass = {astro-ph.CO},
       adsurl = {https://ui.adsabs.harvard.edu/abs/2009MNRAS.396.2332K},
      adsnote = {Provided by the SAO/NASA Astrophysics Data System}
}

@ARTICLE{2009ApJS..182..608K,
       author = {{Knollmann}, Steffen R. and {Knebe}, Alexander},
        title = "{AHF: Amiga's Halo Finder}",
      journal = {\apjs},
     keywords = {methods: numerical, Astrophysics - Cosmology and Nongalactic Astrophysics},
         year = 2009,
        month = {jun},
       volume = {182},
       number = {2},
        pages = {608-624},
          doi = {10.1088/0067-0049/182/2/608},
archivePrefix = {arXiv},
       arxivid = {0904.3662},
       eprint = {0904.3662},
 primaryClass = {astro-ph.CO},
       adsurl = {https://ui.adsabs.harvard.edu/abs/2009ApJS..182..608K},
      adsnote = {Provided by the SAO/NASA Astrophysics Data System}
}

@ARTICLE{2009ApJ...696.1543P,
       author = {{Prochaska}, J. Xavier and {Wolfe}, Arthur M.},
        title = "{On the (Non)Evolution of H I Gas in Galaxies Over Cosmic Time}",
      journal = {\apj},
     keywords = {galaxies: evolution, intergalactic medium, quasars: absorption lines, Astrophysics},
         year = 2009,
        month = {may},
       volume = {696},
       number = {2},
        pages = {1543-1547},
          doi = {10.1088/0004-637X/696/2/1543},
archivePrefix = {arXiv},
       arxivid = {0811.2003},
       eprint = {0811.2003},
 primaryClass = {astro-ph},
       adsurl = {https://ui.adsabs.harvard.edu/abs/2009ApJ...696.1543P},
      adsnote = {Provided by the SAO/NASA Astrophysics Data System}
}

@ARTICLE{2009MNRAS.394.1131K,
       author = {{Kimm}, Taysun and {Somerville}, Rachel S. and {Yi}, Sukyoung K. and
         {van den Bosch}, Frank C. and {Salim}, Samir and {Fontanot}, Fabio and
         {Monaco}, Pierluigi and {Mo}, Houjun and {Pasquali}, Anna and
         {Rich}, R.~M. and {Yang}, Xiaohu},
        title = "{The correlation of star formation quenching with internal galaxy properties and environment}",
      journal = {\mnras},
     keywords = {galaxies: clusters: general, galaxies: evolution, galaxies: formation, galaxies: ISM, Astrophysics},
         year = 2009,
        month = {apr},
       volume = {394},
       number = {3},
        pages = {1131-1147},
          doi = {10.1111/j.1365-2966.2009.14414.x},
archivePrefix = {arXiv},
       arxivid = {0810.2794},
       eprint = {0810.2794},
 primaryClass = {astro-ph},
       adsurl = {https://ui.adsabs.harvard.edu/abs/2009MNRAS.394.1131K},
      adsnote = {Provided by the SAO/NASA Astrophysics Data System}
}

@ARTICLE{2006MNRAS.373..469B,
       author = {{Baldry}, I.~K. and {Balogh}, M.~L. and {Bower}, R.~G. and
         {Glazebrook}, K. and {Nichol}, R.~C. and {Bamford}, S.~P. and
         {Budavari}, T.},
        title = "{Galaxy bimodality versus stellar mass and environment}",
      journal = {\mnras},
     keywords = {galaxies: evolution, galaxies: fundamental parameters, galaxies: luminosity function, mass function, Astrophysics},
         year = 2006,
        month = {dec},
       volume = {373},
       number = {2},
        pages = {469-483},
          doi = {10.1111/j.1365-2966.2006.11081.x},
archivePrefix = {arXiv},
       arxivid = {astro-ph/0607648},
       eprint = {astro-ph/0607648},
 primaryClass = {astro-ph},
       adsurl = {https://ui.adsabs.harvard.edu/abs/2006MNRAS.373..469B},
      adsnote = {Provided by the SAO/NASA Astrophysics Data System}
}

@ARTICLE{2006MNRAS.368....2D,
       author = {{Dekel}, Avishai and {Birnboim}, Yuval},
        title = "{Galaxy bimodality due to cold flows and shock heating}",
      journal = {\mnras},
     keywords = {shock waves, cooling flows, galaxies: evolution, galaxies: formation, galaxies: haloes, dark matter, Astrophysics},
         year = 2006,
        month = {may},
       volume = {368},
       number = {1},
        pages = {2-20},
          doi = {10.1111/j.1365-2966.2006.10145.x},
archivePrefix = {arXiv},
       arxivid = {astro-ph/0412300},
       eprint = {astro-ph/0412300},
 primaryClass = {astro-ph},
       adsurl = {https://ui.adsabs.harvard.edu/abs/2006MNRAS.368....2D},
      adsnote = {Provided by the SAO/NASA Astrophysics Data System}
}

@ARTICLE{2005MNRAS.363....2K,
       author = {{Kere{\v{s}}}, Du{\v{s}}an and {Katz}, Neal and {Weinberg}, David H. and
         {Dav{\'e}}, Romeel},
        title = "{How do galaxies get their gas?}",
      journal = {\mnras},
     keywords = {methods: numerical, cooling flows, galaxies: evolution, galaxies: formation, Astrophysics},
         year = 2005,
        month = {oct},
       volume = {363},
       number = {1},
        pages = {2-28},
          doi = {10.1111/j.1365-2966.2005.09451.x},
archivePrefix = {arXiv},
       arxivid = {astro-ph/0407095},
       eprint = {astro-ph/0407095},
 primaryClass = {astro-ph},
       adsurl = {https://ui.adsabs.harvard.edu/abs/2005MNRAS.363....2K},
      adsnote = {Provided by the SAO/NASA Astrophysics Data System}
}

@ARTICLE{2005ARA&A..43..769V,
       author = {{Veilleux}, Sylvain and {Cecil}, Gerald and {Bland-Hawthorn}, Joss},
        title = "{Galactic Winds}",
      journal = {\araa},
     keywords = {Astrophysics},
         year = 2005,
        month = {sep},
       volume = {43},
       number = {1},
        pages = {769-826},
          doi = {10.1146/annurev.astro.43.072103.150610},
archivePrefix = {arXiv},
       arxivid = {astro-ph/0504435},
       eprint = {astro-ph/0504435},
 primaryClass = {astro-ph},
       adsurl = {https://ui.adsabs.harvard.edu/abs/2005ARA&A..43..769V},
      adsnote = {Provided by the SAO/NASA Astrophysics Data System}
}

@ARTICLE{2005ApJ...619..697A,
       author = {{Adelberger}, Kurt L. and {Steidel}, Charles C. and {Pettini}, Max and
         {Shapley}, Alice E. and {Reddy}, Naveen A. and {Erb}, Dawn K.},
        title = "{The Spatial Clustering of Star-forming Galaxies at Redshifts 1.4 <\raisebox{-0.5ex}\textasciitilde z <\raisebox{-0.5ex}\textasciitilde 3.5}",
      journal = {\apj},
     keywords = {Galaxies: Evolution, Galaxies: Formation, Galaxies: High-Redshift, Cosmology: Large-Scale Structure of Universe, Astrophysics},
         year = 2005,
        month = {feb},
       volume = {619},
       number = {2},
        pages = {697-713},
          doi = {10.1086/426580},
archivePrefix = {arXiv},
       arxivid = {astro-ph/0410165},
       eprint = {astro-ph/0410165},
 primaryClass = {astro-ph},
       adsurl = {https://ui.adsabs.harvard.edu/abs/2005ApJ...619..697A},
      adsnote = {Provided by the SAO/NASA Astrophysics Data System}
}

@ARTICLE{2004MNRAS.351..399G,
       author = {{Gill}, Stuart P.~D. and {Knebe}, Alexander and {Gibson}, Brad K.},
        title = "{The evolution of substructure - I. A new identification method}",
      journal = {\mnras},
     keywords = {methods: N-body simulations, methods: numerical, galaxies: formation, galaxies: haloes, Astrophysics},
         year = 2004,
        month = {jun},
       volume = {351},
       number = {2},
        pages = {399-409},
          doi = {10.1111/j.1365-2966.2004.07786.x},
archivePrefix = {arXiv},
       arxivid = {astro-ph/0404258},
       eprint = {astro-ph/0404258},
 primaryClass = {astro-ph},
       adsurl = {https://ui.adsabs.harvard.edu/abs/2004MNRAS.351..399G},
      adsnote = {Provided by the SAO/NASA Astrophysics Data System}
}

@ARTICLE{2003MNRAS.345..349B,
       author = {{Birnboim}, Yuval and {Dekel}, Avishai},
        title = "{Virial shocks in galactic haloes?}",
      journal = {\mnras},
     keywords = {hydrodynamics, shock waves, cooling flows, galaxies: formation, galaxies: ISM, dark matter, Astrophysics},
         year = 2003,
        month = {oct},
       volume = {345},
       number = {1},
        pages = {349-364},
          doi = {10.1046/j.1365-8711.2003.06955.x},
archivePrefix = {arXiv},
       arxivid = {astro-ph/0302161},
       eprint = {astro-ph/0302161},
 primaryClass = {astro-ph},
       adsurl = {https://ui.adsabs.harvard.edu/abs/2003MNRAS.345..349B},
      adsnote = {Provided by the SAO/NASA Astrophysics Data System}
}

@ARTICLE{2001MNRAS.322..231K,
       author = {{Kroupa}, Pavel},
        title = "{On the variation of the initial mass function}",
      journal = {\mnras},
     keywords = {BINARIES: GENERAL, STARS: FORMATION, STARS: KINEMATICS, STARS: LUMINOSITY FUNCTION, MASS FUNCTION, GLOBULAR CLUSTERS: GENERAL, OPEN CLUSTERS AND ASSOCIATIONS: GENERAL, Astrophysics},
         year = 2001,
        month = {apr},
       volume = {322},
       number = {2},
        pages = {231-246},
          doi = {10.1046/j.1365-8711.2001.04022.x},
archivePrefix = {arXiv},
       arxivid = {astro-ph/0009005},
       eprint = {astro-ph/0009005},
 primaryClass = {astro-ph},
       adsurl = {https://ui.adsabs.harvard.edu/abs/2001MNRAS.322..231K},
      adsnote = {Provided by the SAO/NASA Astrophysics Data System}
}

@ARTICLE{1999ApJS..123....3L,
       author = {{Leitherer}, Claus and {Schaerer}, Daniel and {Goldader}, Jeffrey D. and
         {Delgado}, Rosa M. Gonz{\'a}lez and {Robert}, Carmelle and
         {Kune}, Denis Foo and {de Mello}, Du{\'\i}lia F. and {Devost}, Daniel and
         {Heckman}, Timothy M.},
        title = "{Starburst99: Synthesis Models for Galaxies with Active Star Formation}",
      journal = {\apjs},
     keywords = {GALAXIES: EVOLUTION, GALAXIES: FUNDAMENTAL PARAMETERS, GALAXIES: STARBURST, GALAXIES: STELLAR CONTENT, METHODS: NUMERICAL, Galaxies: Evolution, Galaxies: Fundamental Parameters, Galaxies: Starburst, Galaxies: Stellar Content, Methods: Numerical, Astrophysics},
         year = 1999,
        month = {jul},
       volume = {123},
       number = {1},
        pages = {3-40},
          doi = {10.1086/313233},
archivePrefix = {arXiv},
       arxivid = {astro-ph/9902334},
       eprint = {astro-ph/9902334},
 primaryClass = {astro-ph},
       adsurl = {https://ui.adsabs.harvard.edu/abs/1999ApJS..123....3L},
      adsnote = {Provided by the SAO/NASA Astrophysics Data System}
}

@ARTICLE{1998ApJ...495...80B,
       author = {{Bryan}, Greg L. and {Norman}, Michael L.},
        title = "{Statistical Properties of X-Ray Clusters: Analytic and Numerical Comparisons}",
      journal = {\apj},
     keywords = {GALAXIES: CLUSTERS: GENERAL, METHODS: NUMERICAL, X-RAYS: GALAXIES, Galaxies: Clusters: General, Methods: Numerical, X-Rays: Galaxies, Astrophysics},
         year = 1998,
        month = {mar},
       volume = {495},
       number = {1},
        pages = {80-99},
          doi = {10.1086/305262},
archivePrefix = {arXiv},
       arxivid = {astro-ph/9710107},
       eprint = {astro-ph/9710107},
 primaryClass = {astro-ph},
       adsurl = {https://ui.adsabs.harvard.edu/abs/1998ApJ...495...80B},
      adsnote = {Provided by the SAO/NASA Astrophysics Data System}
}

